2759 5084
1307 202 1788 267 ..1oe—

416 398 554 445 rum
616 374 905 461 graviore
958 374 1197 439 bombo
1238 376 1596 439 suentium
1659 394 1840 439 usum
1879 374 2072 441 fuisse
2131 376 2202 441 in
2259 376 2449 439 rebus
2492 374 2672 439 seriis

418 490 604 564 atque
646 478 841 542 sacris
902 478 1015 541 cfr.
1040 477 1380 560 Boettigeri
1417 478 1624 560 script.
1665 479 1813 541 min.
1856 478 2000 542 Vol.
2019 480 2094 543 ΙΙ.
2133 498 2198 562 p.
2225 478 2368 543 282.
2412 477 2562 541 adn.
2589 476 2674 559 †),

416 602 579 666 quae
624 601 726 645 res
747 630 763 657 ‚
828 587 899 643 ut
950 580 1165 661 paullo
1220 578 1381 641 infra
1423 580 1775 663 apparebit,
1835 581 2002 645 bene
2059 580 2347 665 co‘ngrnit
2385 601 2530 645 cum
2575 601 2673 656 eo,

416 688 591 769 quod
613 684 881 749 Acharn.
924 684 1033 747 Vs.
1056 682 1183 745 866
1218 681 1616 763 appellantur
1637 684 1970 768 Χαιριδῆς
1999 681 2445 769 βομβαύλιοι,
2483 689 2672 765 atque

416 808 497 853 eo
542 789 727 865 ducit,
768 796 838 851 ut
878 806 1135 851 corvum
1174 783 1404 849 talibus
1429 785 1618 864 tibiis,
1661 786 1880 867 quales
1921 795 2122 863 erant,
2165 804 2328 868 quae
2367 793 2675 849 vocantur

418 894 677 957 dextrae
716 909 923 973 pares,
966 889 1155 953 flasse
1198 889 1648 966 existimemus,
1693 890 1776 953 de
1817 908 1946 972 quo
1987 890 2132 953 vide
2189 888 2474 953 Salmasii
2531 890 2674 951 adn.

416 996 501 1059 ad
538 994 875 1077 scriptores
918 994 997 1055 Η.
1037 992 1111 1055 Α.
1166 1012 1233 1073 p.
1264 991 1391 1057 825
1423 1012 1561 1074 sqq.
1646 992 1774 1055 Sed
1813 992 1976 1057 haec
2017 993 2200 1069 ratio,
2241 998 2312 1056 ut
2349 992 2482 1055 veri
2527 992 2674 1073 quid

414 1098 597 1174 insit,
652 1104 859 1159 tamen
918 1094 1059 1159 sola
1101 1114 1217 1176 per
1270 1112 1339 1157 se
1383 1094 1486 1157 vix
1527 1114 1604 1158 ac
1653 1114 1736 1159 ne
1777 1095 1882 1159 vix
1923 1094 2174 1177 quidem
2215 1094 2455 1157 sufficit.
2543 1092 2672 1156 lta-

414 1217 538 1281 que
579 1196 765 1260 etiam
806 1195 969 1260 aliae
1012 1195 1600 1279 circumspiciendae
1641 1204 1800 1261 sunt.
1881 1197 2069 1279 Atqui
2105 1198 2210 1259 Vs.
2235 1196 2361 1264 857
2379 1216 2528 1277 sqq.
2571 1193 2674 1277 qui

416 1300 760 1363 accuratius
800 1300 1166 1380 inspexerit,
1206 1299 1522 1380 reperiet,
1553 1308 1806 1379 poetam
1844 1316 2100 1362 corvum
2137 1298 2310 1363 tibiis
2351 1306 2675 1371 canentem

414 1421 543 1465 non
598 1410 729 1464 tam
792 1420 1157 1482 comparare
1219 1422 1359 1465 cum
1416 1400 1724 1465 Chaeride
1741 1450 1760 1479 ‚
1831 1418 2020 1482 quam
2057 1402 2265 1483 ipsum
2307 1400 2672 1465 Chaeridem

416 1503 755 1587 appellare.
838 1503 1085 1585 Quippe
1147 1501 1342 1567 verba
1407 1500 1684 1577 Πυθιοῖς
1745 1498 1882 1588 βοοῖ
1924 1502 2008 1565 de
2051 1503 2244 1567 tibiae
2309 1511 2497 1570 cantu
2535 1513 2674 1568 sunt

414 1608 621 1689 posita
662 1606 1054 1689 (vocabulum
1093 1600 1229 1691 βοαὶ
1278 1606 1359 1669 de
1399 1605 1562 1669 tibiis
1625 1606 1986 1689 frequenter
2023 1606 2311 1689 usurpari
2353 1606 2674 1671 adnotavit

415 1712 781 1775 Leutschius
822 1710 868 1775 1.
900 1728 957 1773 c.
996 1729 1060 1791 p.
1098 1708 1313 1793 1031);
1380 1708 1703 1791 sequentia
1759 1727 1910 1772 vero
1964 1709 2160 1771 verba
2203 1708 2286 1770 ad
2327 1708 2436 1771 illa
2479 1728 2667 1773 accu-

414 1814 607 1877 ratius
652 1812 1021 1895 explicanda
1062 1811 1275 1875 addita
1336 1819 1510 1888 sunt,
1571 1812 1662 1875 ita
1703 1818 1771 1875 ut
1827 1811 2014 1875 etiam
2069 1811 2305 1875 locutio
2350 1812 2670 1900 ουνᾳδέτῳ

415 1908 591 1982 &dciv
630 1915 786 1979 nihil
824 1913 944 1977 nisi
987 1914 1177 1977 tibiae
1214 1921 1460 1979 cantum
1491 1913 1814 1997 significet,
1857 1934 2022 1998 qnae
2053 1934 2156 1979 res
2187 1935 2266 1979 eo
2313 1923 2410 1978 est
2447 1917 2667 1999 aptior,

416 2018 585 2097 quod
629 2018 821 2080 tibiae
864 2024 1110 2080 cantum
1152 2016 1422 2079 eundem
1466 2034 1602 2079 esse
1645 2025 1891 2081 cantum
1935 2017 2109 2081 corvi
2154 2015 2426 2100 fingitur.
2506 2020 2666 2102 Ergo

418 2119 518 2181 vel
542 2139 659 2200 per
684 2140 755 2183 se
787 2119 1117 2201 probabile
1148 2127 1261 2195 est,
1302 2119 1448 2181 hinc
1496 2118 2020 2201 proficiscendum
2055 2138 2192 2183 esse
2233 2122 2296 2183 in
2341 2121 2676 2203 quaestio-

418 2239 497 2282 ne
539 2220 859 2283 solvenda.
944 2222 1041 2283 De
1072 2219 1379 2283 Chaeride
1413 2220 1613 2285 schol.
1647 2223 1731 2284 ad
1766 2223 1936 2286 hune
1973 2224 2180 2285 locum
2209 2222 2370 2285 haec
2405 2224 2673 2305 scripsit:

416 2314 507 2405 ἧν
550 2320 620 2390 δὲ
656 2314 694 2389 ὁ
754 2324 984 2408 Χαῖρις
1040 2312 1239 2396 οὗτος
1280 2316 1648 2409 κιθαρῳδὸς
1701 2319 1950 2413 ψυχρός
2003 2326 2110 2393 καὶ
2150 2326 2430 2411 γέγονεν
2471 2322 2676 2412 αὐλη-

418 2418 557 2513 τής.
650 2419 1089 2511 Μνημονεύει
1152 2425 1223 2493 δὲ
1284 2416 1496 2493 αὑτοῦ
1538 2424 1668 2497 ,ζειαὶ
1742 2423 2151 2513 Φερεκράτης
2228 2433 2304 2497 ἐν
2357 2421 2676 2517 Ἀγρίοις,
2741 2467 2743 2530 4

418 2530 636 2613 fragm.
676 2528 760 2593 lv
802 2528 971 2613 apud
1010 2526 1386 2592 Meinekium
1437 2526 1478 2589 1.
1521 2545 1574 2591 c.
1616 2527 1757 2591 Vol.
1799 2528 1870 2591 11.
1909 2529 1976 2590 Ρ.
2015 2531 2062 2594 1.
2117 2548 2182 2611 p.
2219 2529 2342 2593 257
2363 2550 2378 2591 t

592 2627 741 2715 Φέρ’
780 2632 931 2709 ἴδω,
972 2625 1341 2716 κιθαρῳδὸς
1378 2630 1483 2705 τίς
1526 2625 1832 2705 κάκιστος
1879 2631 2176 2717 ἔγένιτος
2740 2710 2741 2717 ¹

584 2734 675 2800 B.
712 2726 807 2797 ὀ
845 2732 1122 2800 Πεισίου
1164 2732 1412 2815 Μέλης.
1494 2732 1584 2800 A.
1631 2728 1822 2800 Mn&
1881 2730 2004 2803 τόν
2047 2736 2326 2822 Μέλητα
2367 2727 2422 2803 ‹5'
2466 2728 2552 2822 ἦν
2598 2770 2677 2782 -
2739 2720 2741 2784 ¹

584 2834 677 2901 B.
704 2826 859 2920 'Ex'
898 2826 1153 2917 ἀτρέμ’,
1203 2823 1431 2919 ἐγῷδα·
1499 2833 1764 2919 Χαῖρις.
2737 2902 2739 2913 ,

404 2934 609 3007 Ἔστι
648 2935 761 3005 καὶ
796 2943 1039 3022 ἕτερος,
1080 2925 1161 3003 οὗ
1200 2929 1614 3021 μνημονεύει
1649 2934 1980 3023 Κρατῖνος
2017 2943 2093 3009 ἐν
2130 2941 2450 3026 Νεμέσει.
2513 2943 2680 3019 Qui-

416 3042 535 3103 bus
576 3038 783 3104 verbis
826 3058 973 3102 usus
1020 3046 1115 3102 est
1148 3040 1374 3104 Suidas
1417 3062 1468 3105 s.
1494 3061 1553 3105 v.
1597 3043 1852 3128 Χαῖρις.
1936 3045 2032 3107 De
2071 3043 2186 3107 illo
2229 3034 2487 3111 homine
2529 3064 2681 3108 sae-

416 3141 555 3223 pius
617 3142 805 3206 etiam
863 3144 1029 3227 apud
1086 3143 1570 3229 Aristophanem
1631 3165 1838 3211 sermo
1885 3155 2011 3215 est.
2079 3148 2349 3213 Primum
2413 3148 2680 3213 Acbarn.
2736 3194 2737 3203 ι

418 3243 523 3306 Vs.
574 3242 678 3307 16:

598 3346 808 3431 Τῆτες
849 3336 906 3413 δ’
947 3340 1305 3419 ἀπέθανον
1348 3350 1456 3421 καὶ
1497 3345 1899 3435 διεστράφην
1937 3348 2117 3428 ἰδών,

589 3442 703 3516 ὅτε
743 3440 824 3530 δὴ
866 3450 1204 3536 παρέκυψε
1253 3453 1489 3536 Χαῖρις
1526 3451 1638 3517 ἐπὶ
1677 3445 1801 3518 τὸν
1843 3445 2106 3537 ὄρθιον,

420 3548 505 3613 ad
546 3570 731 3632 quem
773 3552 982 3615 locum
1022 3552 1181 3617 haec
1226 3554 1550 3619 adnotavit
1587 3553 1989 3619 scholiastes:
2059 3547 2094 3621 ὅ
2141 3552 2212 3621 δὲ
2268 3556 2505 3641 Χαῖρις
2555 3547 2686 3627 οὗ-
2731 3636 2733 3649 Ι

421 3674 533 3725 τος
604 3649 969 3742 κιθαρῳδὸς
1026 3656 1133 3725 καὶ
1211 3650 1498 3743 αὐλῳδὸς
1555 3657 1805 3740 φαῦλος
1826 3700 1846 3735 ,
1927 3657 2150 3738 quibus
2213 3657 2425 3722 verbis
2491 3668 2566 3723 ut
2621 3662 2685 3721 in
2731 3652 2733 3715 ἶ

421 3762 771 3818 transcursu
813 3776 1101 3822 moneam
1119 3806 1137 3836 ,
1193 3758 1584 3843 redarguitur
1625 3761 1932 3825 sententia
1972 3761 2262 3825 Meinekii
2283 3808 2300 3839 ,
2361 3763 2428 3823 in
2469 3762 2686 3842 priore

420 3857 666 3921 scholio
709 3857 1107 3923 scribendum
1150 3879 1289 3923 esse
1332 3862 1677 3925 censentisz
1731 3852 1822 3943 ἦν
1862 3860 1934 3929 δὲ
1970 3854 2011 3929 o‘
2056 3862 2292 3949 Χαῖρις
2331 3854 2542 3936 οὗτος
2585 3886 2690 3927 ιιι-

418 3955 745 4048 θαρῳδὸς.
828 3960 965 4028 Καὶ
1006 3963 1280 4048 γέγονεν
1322 3960 1653 4050 αὐλητής,
1697 3980 1860 4046 quae
1901 3964 2206 4027 sententia
2265 3964 2368 4027 vel
2411 3982 2556 4027 eam
2599 3966 2686 4027 ob
2726 4050 2728 4053 y

422 4080 705 4127 caussam
732 4063 957 4145 ‘nequit
997 4083 1145 4128 vera
1187 4085 1359 4143 esse,
1434 4065 1605 4149 quod
1659 4084 1704 4127 a
1765 4072 1974 4129 vetere
2031 4067 2369 4147 interprete
2411 4065 2686 4129 Chaeri-

418 4164 562 4229 dem
600 4165 819 4231 Avium
861 4169 967 4231 Vs.
1003 4170 1129 4233 850
1170 4176 1720 4233 commemoratum
1757 4169 2188 4236 citharoedum
2221 4168 2506 4233 habitum
2546 4189 2688 4233 esse

414 4286 541 4331 non
608 4274 703 4331 est
766 4266 1080 4333 credibile.
1192 4270 1441 4335 Deinde
1511 4272 1792 4354 ejusdem
1833 4271 2030 4355 ipsius
2093 4269 2368 4357 fabulae·
2409 4272 2515 4335 Vs.
2555 4273 2686 4335 866
