2759 5084
1038 242 1467 307 -93-..-

133 408 403 475 nuel-int:
448 426 591 473 nam
633 408 797 473 hunc
842 410 998 475 aciei
1040 410 1283 489 locum,
1340 412 1570 495 quippe
1613 413 1720 494 qui
1763 413 1993 477 honori
2037 422 2230 495 esset,
2275 425 2381 481 te-

128 533 269 577 nere
311 512 605 575 solebant
643 512 1155 594 praestantissimi
1198 514 1422 577 milites
1445 563 1460 592 ,
1527 522 1588 577 et
1643 516 1806 577 inter
1847 532 1994 580 aves
2018 536 2174 596 ,eas,
2220 540 2380 603 quae

128 618 399 680 aduncos
440 614 679 678 habent
716 618 985 697 ungues,
1028 618 1109 681 ad
1157 616 1888 681 dimicandummaxime
1923 618 2186 685 idoneas
2221 642 2379 701 esse,

126 738 235 799 per
259 738 327 780 se
356 716 749 802 intelligitur3
792 738 909 782 nec
928 719 1215 800 profecto
1254 721 1481 796 obstat,
1507 720 1678 801 qnod
1704 721 1890 798 infra,
1917 724 2020 787 Vs.
2044 726 2205 787 1177
2223 744 2378 819 sqq„

125 828 589 903 repraesentant
649 819 805 895 eoric
870 819 1305 906 περιπόλους,
1368 822 1540 903 quod
1595 823 1913 886 inventum
1987 842 2113 887 non
2175 828 2376 891 minus

125 923 429 1005 egregium
486 930 613 1001 est,
670 942 861 1006 quum
904 926 1119 986 avium'
1176 926 1496 1006 rapacium
1565 925 1926 991 celerrimus
1994 929 2074 991 sit
2131 930 2377 993 volatus

124 1044 247 1104 quo
288 1024 369 1086 de
410 1024 513 1087 hic
552 1026 689 1107 ipse
734 1032 926 1107 poeta
968 1026 1211 1089 monuit
1271 1028 1377 1089 νε.
1425 1028 1588 1091 1453
1619 1046 1714 1109 sq.
1799 1030 1966 1111 Ergo
2023 1030 2376 1115 Euelpides,

122 1133 210 1201 et,
250 1126 423 1208 quod
464 1126 629 1190 ultro
672 1128 980 1210 sequitur,
1046 1128 1466 1192 Pisthetaerus
1509 1148 1625 1211 per
1663 1131 1832 1193 banc
1875 1148 2124 1193 scenam
2169 1132 2378 1196 collo-

122 1229 241 1291 eati
284 1238 457 1293 erant
498 1231 559 1292 in
610 1231 859 1294 sinistra
899 1232 1211 1312 proscenii
1250 1239 1456 1313 parte.
1479 1232 1612 1295 sive
1653 1233 1718 1293 in
1763 1250 1871 1308 ea,
1915 1252 2078 1314 quae
2122 1244 2377 1316 specta-

116 1331 355 1395 toribus
400 1333 481 1395 ad
508 1334 848 1396 dexteram
889 1341 1041 1395 erat.
1123 1335 1218 1396 Ex
1262 1353 1391 1415 quo
1429 1352 1640 1397 rursus
1681 1334 2012 1416 probabile
2054 1336 2142 1413 fit,
2191 1338 2374 1401 etiam

118 1434 403 1511 culinam,
449 1436 620 1519 cujus
648 1436 879 1498 mentio
920 1435 1087 1499 facta
1120 1445 1217 1501 es‘t
1256 1439 1359 1499 Vs.
1395 1438 1547 1514 437,
1599 1470 1680 1487 --
1719 1456 1924 1519 neque
1969 1440 2130 1501 enim
2176 1438 2376 1516 ἰπνόέ

114 1536 361 1601 furnum
421 1538 757 1621 significat,
838 1539 951 1602 sed
996 1538 1294 1616 culinam,
1354 1574 1438 1589 --
1485 1548 1548 1603 et
1629 1538 1710 1602 ad
1755 1558 1936 1622 quam
1981 1536 2374 1622 pertinebant

116 1657 303 1700 verua
345 1646 531 1721 atque
572 1658 723 1703 vasa
764 1643 871 1705 Vs.
911 1642 1056 1705 361.
1100 1650 1609 1719 commemorata,
1651 1637 1842 1705 fuisse
1884 1642 1948 1703 in
2001 1642 2220 1705 eadem
2260 1644 2370 1706 illa

114 1742 427 1821 proscenii
466 1750 663 1824 parte.
706 1770 793 1791 —·-·
830 1742 1071 1807 Deinde
1112 1744 1304 1807 verba
1362 1739 1752 1828 κατάπηξον
1799 1737 1967 1826 πρὸς
2007 1736 2222 1811 αὐτὸν
2263 1744 2372 1828 (sic

116 1844 281 1907 enim
346 1844 411 1907 in
454 1845 667 1923 libris,
734 1846 959 1927 quibas
1018 1864 1181 1909 nunc
1236 1842 1322 1907 'uti
1377 1840 1557 1920 licet,
1621 1845 1918 1926 scriptum
1961 1844 2269 1925 reperitur
2311 1859 2374 1913 et

110 1946 331 2027 procul
375 1948 569 2013 dubio
612 1948 798 2013 etiam
840 1942 909 2011 in
952 1968 1029 2011 eo
1075 1955 1209 2011 erat
1248 1948 1544 2029 scriptum
1564 1996 1582 2026 ,
1648 1948 1753 2030 qui
1793 1947 2174 2011 scholiastae
2217 1972 2372 2034 prae

116 2052 311 2116 oculis
372 2061 509 2117 erat
568 2055 785 2117 miram
841 2056 1006 2118 hanc
1086 2052 1662 2134 interpretationem
1721 2051 2090 2135 proferentit
2161 2058 2371 2138 πῆξαν

110 2148 325 2223 αὑτὸν
370 2148 537 2238 πρὸς
558 2148 567 2157 ’
590 2152 715 2239 τὴν
754 2152 1021 2245 χύτραν)
1076 2156 1289 2221 vitium
1338 2162 1674 2219 traxerunt.
1753 2156 1823 2218 ln
1865 2153 2176 2236 prioribus
2221 2158 2368 2221 edi-

105 2256 381 2321 tionibus
438 2278 477 2321 a
532 2258 861 2323 Dindorfio
937 2260 1165 2323 curatis
1222 2276 1339 2342 pro
1404 2252 1572 2343 πρὸς
1637 2252 1851 2327 (ιε’ὐτὼιι
1892 2260 2230 2339 repositum
2276 2270 2372 2324 est

106 2355 277 2442 πρὸς
319 2358 562 2439 αὐτόν,
632 2378 793 2445 quae
838 2362 1143 2442 scriptura
1185 2362 1494 2425 Brunckio
1561 2362 1854 2436 debetur,
1913 2362 1976 2421 in
2022 2361 2370 2427 oxoniensi

104 2455 239 2547 πρὸ
298 2466 547 2529 caventi
612 2464 691 2526 de
754 2464 1111 2545 conjectura
1177 2462 1459 2545 Bentleji.
1568 2461 1730 2523 Illud
1773 2461 1921 2523 ferri
1987 2480 2116 2523 non
2157 2482 2365 2545 posse,

105 2576 237 2629 tum
280 2566 389 2629 alii
431 2566 807 2628 monuerunt
846 2572 976 2625 tum
1019 2563 1388 2645 Bernhardy
1453 2563 1624 2647 Synt.
1667 2582 1727 2643 p.
1753 2562 1918 2625 Ι272.
2020 2562 2158 2625 Hoc
2199 2585 2363 2645 pro-

104 2672 289 2747 bum;
328 2670 444 2731 sed
484 2667 700 2730 nescio
746 2684 829 2729 an
868 2671 1145 2747 praestet
1186 2666 1495 2729 scriberet
1539 2658 1932 2751 κατάπηξον
1976 2660 2180 2748 πρὸς
2224 2661 2368 2737 αὖ·

103 2772 261 2837 τῶν
322 2771 385 2832 h.
426 2790 478 2833 e.
538 2769 711 2832 humi
772 2763 982 2851 defige
1042 2766 1140 2830 isa
1194 2774 1271 2829 ut
1306 2767 1523 2831 acies
1563 2784 1728 2829 veru
1785 2775 2018 2852 vergat
2059 2764 2149 2829 ad
2179 2768 2368 2854 ipsas

105 2874 281 2955 (aves
322 2871 601 2935 aduncis
642 2868 981 2958 unquibus
1019 2866 1398 2955 praeditus).
1421 2902 1507 2917 «-
1550 2868 1834 2935 Ceterum
1875 2876 2022 2949 post
2063 2887 2158 2945 ea,
2202 2890 2362 2951 quae

102 2975 321 3057 paullo
350 2993 553 3056 supra
628 2974 707 3035 de
764 2981 993 3035 noctua
1036 2981 1117 3035 et
1178 2972 1373 3035 modo
1419 2972 1498 3033 de
1549 2970 1766 3033 avibus
1809 2968 2085 3031 aduncos
2129 2990 2364 3054 ungues

98 3077 480 3141 habentibus
522 3075 994 3157 disputavimus,
1040 3073 1307 3137 elucebit
1350 3074 1538 3137 etiam
1585 3072 1780 3149 illud,
1841 3072 1945 3154 qui
1989 3071 2220 3142 factum
2261 3073 2360 3147 sit,-

100 3187 173 3243 ut
212 3180 605 3261 potissimum
638 3180 864 3243 barum
900 3174 1107 3241 arium
1138 3175 1371 3239 mentio
1409 3174 1487 3238 sit
1519 3175 1764 3259 injecta.
1837 3174 2082 3256 Quippe
2119 3182 2366 3257 noctua,

99 3300 307 3364 quae,
349 3292 419 3345 ut
456 3283 740 3358 vidimus,
786 3279 1125 3365 coryphaei
1168 3278 1305 3341 vice
1348 3278 1641 3360 fungitur,
1686 3295 1848 3339 nunc
1901 3285 1994 3337 est
2035 3268 2366 3358 στράταρ-

89 3406 235 3474 χος,
276 3418 363 3429 --
403 3400 555 3445 cave
598 3385 763 3445 enim
802 3383 1155 3471 ’ταξίαρχον
1198 3398 1335 3443 esse
1380 3380 1614 3443 credas·
1643 3379 1748 3440 Vs.
1787 3377 1914 3439 353
1974 3394 2364 3440 commemo-

92 3492 328 3562 ratum,
370 3485 651 3564 quamvis
694 3503 845 3547 sane
888 3485 1105 3551 avibus
1142 3483 1398 3546 aduncis
1441 3481 1746 3564 unguibus
1787 3477 2088 3561 praeditis
2133 3494 2366 3540 accen-

96 3590 230 3653 seri
272 3587 501 3670 possit,
542 3624 629 3641 —-
708 3592 951 3648 ceterae
1000 3606 1151 3649 vero
1220 3600 1402 3664 aveS,
1459 3598 1734 3667 'quarum
1793 3580 2101 3663 expressis
2159 3579 2364 3644 verbis

93 3694 343 3757 mentio
388 3699 485 3755 est
524 3692 707 3767 facta,
753 3706 868 3751 eae
910 3694 1053 3749 sunt
1073 3734 1089 3763 ,
1132 3705 1324 3769 quas,
1372 3710 1560 3773 quum
1601 3688 1666 3749 in
1709 3688 2062 3751 universum
2099 3686 2366 3747 maxime

98 3797 384 3860 omnium
428 3790 924 3857 extimescendae
957 3797 1182 3869 essent,
1224 3801 1353 3855 tum
1389 3808 1552 3857 nunc
1589 3792 1791 3873 ipsum
1825 3791 2122 3872 impetum
2155 3786 2370 3849 factu-³·

94 3918 205 3963 ras
270 3900 663 3982 compererat
724 3893 1081 3978 Euelpides.

270 4004 624 4087 Pergamus.
658 4002 791 4085 J‘am
842 4017 922 4060 ex
966 3995 1185 4060 ordine
1240 4009 1536 4061 enarrare
1573 4016 1693 4062 ·res
1737 4006 1960 4083 gestas.
2047 3992 2184 4053 Non
2229 3994 2365 4050 erat

95 4106 441 4169 obsecutus
482 4102 809 4178 mandato,
855 4100 1025 4180 quod
1062 4099 1166 4161 Vs.
1204 4098 1329 4161 353
1376 4108 1734 4185 acceperat,
1779 4099 2150 4184 ταξίαρχοςτ
2199 4091 2363 4153 ¹³⁶¹·-

92 4218 303 4271 terum
350 4228 545 4272 cornu
586 4207 911 4268 immotum
954 4208 1267 4264 manserat
1310 4221 1420 4279 eo,
1479 4222 1660 4284 quem
1719 4200 1988 4275 tenebat,
2035 4196 2209 4270 loco;
2255 4192 2361 4255 ci'r.

92 4312 209 4372 Vsa
258 4310 418 4375 364:

1660 4418 1695 4475 7
1715 4414 1737 4437 2
