2759 5084
1025 211 1443 275 ...43-

109 378 290 462 hujus
363 382 491 444 avis
569 383 1042 448 commemorari
1107 383 1372 466 pluries3
1462 379 1582 453 sed
1632 391 1855 466 verba,
1940 393 2161 472 quibus
2228 395 2352 460 hoc

107 481 204 558 fit,
247 485 330 546 ita
373 493 514 547 sunt
555 493 944 567 comparata,
987 493 1056 550 ut
1095 484 1346 554 minime
1390 508 1547 572 opus
1589 494 1668 556 sit
1708 503 2001 574 respectu
2036 496 2201 578 ejus,
2246 499 2351 584 qui

103 585 164 645 in
209 587 531 652 orchestra
575 590 966 665 versabatur,
1009 591 1154 673 galli
1197 593 1521 676 galinaeei
1560 595 1725 660 dieta
1764 597 2131 660 existimare.
2214 599 2347 662 Jam

101 707 256 749 vero
299 690 405 754 Vs.
435 691 562 756 832
595 711 732 774 sqq.
775 691 1160 758 Pisthetaero
1201 695 1641 780 interroganti:

366 795 488 868 Tic
535 793 642 862 δαὶ
699 797 964 874 καθέξει
1013 797 1140 882 τῆς
1189 795 1441 873 πόλεως
1486 796 1564 867 τὸ
1622 803 2069 888 Πελαργικόνς

97 895 182 954 ita
225 895 566 976 respondet
605 900 856 980 Upupa:

338 993 582 1082 Ὄρνις
629 992 743 1084 α’φ’
791 996 983 1084 ἡμῶν
1037 1002 1162 1066 τοῦ
1207 1001 1445 1086 γένους
1495 1005 1620 1071 τοῦ
1674 1005 2042 1089 Περσικοῦ,

351 1092 553 1183 ὅσπερ
604 1100 860 1184 λέγεται
915 1097 1295 1177 δεινότατος
1341 1101 1515 1169 εἶναι
1572 1110 1924 1193 πανταχοῦ

335 1194 589 1285 ”Αρεως
638 1201 939 1281 νεοττός,

89 1323 216 1382 quo
261 1303 428 1367 facto
471 1305 806 1388 Euelpides
855 1307 1188 1370 exclamat:

921 1399 1024 1476 ’.Ω
1064 1415 1354 1478 νεοττὲ
1402 1409 1727 1480 δέσποτα·

339 1505 424 1586 ὥς
479 1504 544 1578 δ’
595 1505 630 1579 ὁ
670 1508 836 1589 θεὸς
891 1507 1263 1598 ἐπιτήδειος
1309 1517 1511 1582 οἰκεῖν
1564 1517 1671 1583 ἐπὶ
1722 1522 2001 1602 πετρῶν.

82 1633 264 1706 Quae
316 1633 510 1697 verba
557 1631 636 1694 ad
695 1651 866 1708 eum,
933 1633 1036 1714 qui
1094 1633 1340 1711 aderat,
1406 1635 1632 1716 gallum
1687 1636 2093 1717 gallinaceum
2139 1637 2336 1724 dirigi,

42 1753 218 1795 cum
279 1753 394 1815 per
449 1753 516 1795 se
578 1735 905 1815 probabile
965 1743 1088 1809 est,
1157 1744 1283 1796 tum
1342 1755 1469 1797 non
1530 1736 1856 1817 negabitur
1913 1738 1992 1797 ab
2056 1758 2167 1814 eo,
2230 1745 2335 1823 qui

75 1838 456 1912 meminerit,
503 1857 628 1918 quo
661 1845 947 1918 respectu
987 1855 1090 1912 ea,
1133 1855 1294 1918 quae
1328 1845 1470 1898 sunt
1506 1837 1702 1898 altero
1742 1859 1953 1914 versu,
1998 1841 2117 1902 sint
2152 1841 2333 1907 dicta.

71 1940 246 2020 Ergo
284 1940 543 2020 amplius
581 1938 833 2001 dubium
874 1958 1012 2000 esse
1049 1958 1174 2001 non
1213 1947 1448 2021 potest,
1494 1940 1639 2020 quin
1673 1939 1873 2020 pullus
1912 1941 2097 2004 suerit
2138 1947 2331 2028 gallus

69 2040 484 2120 gallinaceus3
556 2044 720 2107 unde
775 2061 984 2103 rursus
1041 2040 1348 2121 sequitur,
1412 2049 1477 2104 ut
1529 2043 1775 2104 cristam
1829 2064 1955 2105 non
2009 2045 2332 2126 babuerit;

67 2143 134 2202 in
193 2160 379 2221 quam
436 2162 568 2204 rem
625 2163 752 2204 non
806 2143 1122 2226 indignum
1181 2161 1443 2219 censeo,
1514 2145 1617 2225 qui
1674 2146 2063 2222 conferatur,
2122 2148 2327 2212 locum

62 2244 418 2307 Heraclidis
468 2253 778 2307 servatum
833 2246 914 2306 ab
967 2246 1292 2310 Athenaeo
1347 2247 1496 2321 ΧΠ,
1552 2267 1615 2328 p.
1644 2247 1769 2310 533
1803 2249 1883 2324 Ε,
1944 2267 2327 2331 repraesen-

63 2353 266 2408 tatum
309 2365 348 2408 a
387 2346 700 2410 Meinekio
744 2348 985 2428 Fragm.
1031 2345 1203 2408 Com.
1249 2348 1353 2408 Gr.
1408 2347 1545 2410 Vol.
1582 2349 1691 2422 111,
1734 2369 1797 2429 p.
1824 2349 1986 2412 4652

325 2445 770 2536 Ἀλεκτρυόνα
822 2447 944 2515 τὸν
1001 2452 1123 2515 τοὺ
1175 2449 1521 2518 Φιλίππου
1570 2445 1983 2534 παραλαβών

325 2549 480 2635 α’ωρὶ
529 2545 936 2632 κοκκύζοντα
991 2552 1102 2617 καὶ
1153 2547 1599 2634 πλανώμενον

323 2655 720 2740 κατέκοψεν·
783 2654 882 2720 οὐ
933 2649 1088 2738 γαρ
1139 2653 1362 2741 εἶχεν
1414 2646 1735 2721 οὐδέπω
1784 2651 2081 2739 λόφον,

55 2758 146 2818 ad
195 2775 380 2837 quem
423 2756 741 2818 adnotavit
780 2756 876 2819 vir
918 2755 1236 2839 egregius,
1295 2755 1957 2839 Schweighaeuserum
1998 2762 2193 2824 verba
2240 2757 2323 2832 ρι’

49 2854 194 2940 γᾶρ
235 2857 412 2944 εἶχεν
455 2850 718 2924 οὐδέπω
763 2852 975 2942 λόφον
1019 2857 1100 2918 ad
1141 2857 1514 2938 imperitiam
1558 2867 1622 2919 et
1656 2860 2038 2941 juventatem
2081 2863 2319 2927 Addaei

47 2960 326 3022 referre.
409 2961 546 3020 Jam
587 2959 640 3020 si
679 2960 1008 3041 probabile
1055 2968 1177 3035 est,
1221 2980 1301 3022 ne
1345 2961 1576 3044 gallum
1621 2961 1870 3041 quidem
1914 2963 2319 3044 gallinaceum

46 3070 172 3123 aut
213 3061 473 3122 alteram
517 3079 784 3142 upupam
829 3061 1106 3124 cristatas
1150 3062 1342 3124 fuisse
1387 3081 1565 3136 aves,
1620 3080 1805 3142 quam
1848 3061 1958 3124 fiat
2000 3065 2315 3143 credibile,

43 3166 252 3230 etiam
295 3181 464 3236 eam,
523 3182 684 3244 quae
729 3165 1126 3248 κατωφαγᾶς
1169 3165 1547 3246 appellatur,
1609 3165 1789 3227 crista
1832 3166 2134 3242 caruisse,
2190 3189 2315 3232 non

40 3277 154 3330 est
215 3266 388 3348 quod
445 3285 750 3329 moneam.
857 3267 936 3328 Et
993 3266 1080 3328 ita
1139 3267 1364 3341 fuisse,
1440 3284 1697 3327 necesse
1760 3274 1854 3326 est
1911 3267 2013 3329 vel
2070 3289 2187 3348 per
2244 3291 2313 3334 se

31 3375 330 3431 statuant
369 3368 440 3442 ii,
487 3368 588 3448 qui
632 3368 996 3449 pelecanum
1042 3366 1475 3430 onocrotalum
1518 3366 1980 3447 intelligendum
2020 3387 2157 3432 esse
2196 3373 2313 3436 sibi

29 3472 494 3555 persuaserint.
535 3506 622 3520 --
728 3473 901 3534 Haec
956 3471 1274 3534 hactenus.
1379 3471 1625 3543 Restat,
1700 3477 1767 3530 ut
1824 3468 1945 3530 alia
2006 3473 2312 3550 quaedam

26 3577 358 3659 agitemus
413 3572 817 3655 disputando,
879 3591 1040 3653 quae
1095 3583 1158 3636 et
1201 3571 1447 3636 obverti
1496 3571 1679 3633 nobis
1734 3571 1973 3653 possint
2022 3580 2315 3652 quattuor

23 3679 188 3738 illas
235 3694 384 3739 aves
427 3677 692 3738 musicos
735 3692 876 3736 esse
921 3677 1342 3752 censentibus,
1390 3684 1455 3738 et
1496 3674 1577 3738 ad
1618 3675 1969 3737 universam
2006 3675 2311 3740 rationem

23 3779 428 3841 musicorum
461 3776 846 3840 scenicorum
879 3777 1150 3859 penitius
1189 3778 1683 3860 cognoscendam
1724 3777 1895 3839 baud
1930 3779 2133 3861 exigui
2172 3790 2312 3842 sunt

21 3880 370 3943 momenti.
453 3880 590 3942 Iam
633 3888 778 3941 ante
833 3897 1018 3961 quan
1083 3879 1470 3943 orchestram
1506 3880 1981 3964 ingrederentur
2018 3888 2309 3962 quattuor

15 3985 196 4046 illae
253 3999 434 4058 aves,
489 3982 838 4058 lusciniam,
899 3992 1030 4044 tum
1081 3983 1334 4064 quidem
1388 4001 1515 4044 non
1568 3984 2082 4065 adspectabilem,
2144 3983 2307 4046 tibiis

16 4085 379 4160 cecinisse,
437 4105 626 4166 supra
671 4085 972 4147 monitum
1027 4095 1142 4150 est.
1248 4089 1340 4150 Ba
1388 4093 1611 4166 postea
1662 4102 1915 4148 scenam
1964 4085 2308 4167 ingreditur

15 4194 221 4263 loeo,
281 4205 495 4268 quem,
549 4195 852 4268 quatenus
893 4187 1114 4270 dignus
1159 4198 1282 4265 est,
1339 4189 1445 4269 qui
1486 4188 1831 4251 accuratius
1874 4197 2303 4271 cognoscatur,

15 4294 146 4354 hic
193 4307 510 4371 apponam
553 4290 892 4372 integrum:

1780 4395 1820 4453 4
