2759 5084
874 197 901 234 ‘·
1312 219 1734 288 -92-

401 408 757 491 conjectura
796 408 1047 485 posset,
1108 400 1311 481 idque
1342 397 1448 459 tali
1491 395 1764 477 positum
1824 394 2002 466 loco,
2071 400 2232 473 quo,
2277 398 2485 472 quum
2527 390 2657 453 de—

398 510 655 593 positae·
689 514 895 571 essent
936 503 1123 578 ollae,
1169 508 1275 564 aut
1319 501 1586 563 omnino
1611 515 1745 560 non
1786 504 2005 578 posset
2044 494 2340 575 conspici,
2381 500 2488 555 aut
2521 512 2658 555 non

400 613 603 675 facile.
686 610 985 695 Fabricae
1042 612 1247 668 autem
1289 602 1529 665 Atticae
1569 600 1946 683 legitimum,
2007 605 2076 661 ut
2128 597 2216 659 ita
2257 597 2496 673 dicam,
2551 586 2654 659 si-

402 736 587 799 gnum
632 722 766 777 erat
804 720 1071 785 noctua,
1128 708 1299 791 cujus
1344 704 1608 787 effigiem
1631 710 1866 765 notum
1911 708 2006 765 est
2046 701 2386 763 sexcenties
2427 717 2655 761 recur-

400 836 541 880 rere
584 816 648 877 in
692 816 889 878 numis
946 808 1424 877 Atheniensibus
1469 815 1654 888 atque
1712 806 1926 871 videre
1989 812 2084 867 est
2133 803 2200 864 in
2243 801 2486 865 laminis
2530 802 2656 864 inis

403 928 465 983 et
506 926 761 994 tessera,
808 935 959 1001 quas
1003 914 1287 979 tractavit
1324 911 1678 974 Boeckhius
1719 909 1902 990 Corp.
1943 910 2129 971 inser.
2167 905 2384 969 Graec.
2428 905 2571 968 Vol.
2607 906 2654 965 Ι.

400 1048 461 1111 p.
502 1027 622 1092 341
677 1046 799 1108 sq.;
884 1020 1043 1085 adde
1111 1036 1274 1102 quae
1335 1013 1660 1079 adnotavit
1717 1014 2016 1075 Staveren
2070 1010 2178 1073 ad·
2205 1009 2446 1095 Hygini·
2499 1008 2656 1071 Fah.

402 1133 547 1214 Cap.
590 1128 783 1195 cclv.
866 1124 1171 1208 Imprimis
1197 1138 1365 1185 vero
1405 1120 1530 1181 h'uc
1571 1115 1840 1201 pertinet
1877 1114 2138 1191 discus,
2201 1113 2308 1194 qni
2343 1113 2662 1193 rep'eritur

398 1238 463 1297 in
508 1254 652 1297 vase
699 1231 972 1314 quodam
1015 1227 1247 1305 Attico,
1304 1240 1369 1289 a
1389 1222 1852 1304 Stackelhergto
1891 1220 2065 1295 fibri,
2127 1217 2234 1299 qui
2273 1218 2658 1282 inscribitur.

408 1332 547 1399 »die
592 1336 831 1398 Graber
875 1336 985 1397 der
1024 1332 1405 1405 Hellenen»,
1449 1328 1576 1389 tab.
1593 1324 1837 1401 XXW,
1883 1324 1922 1387 5
1986 1302 2346 1405 publicato,
2387 1316 2660 1387 noctuae

402 1438 666 1520 effigiem
706 1438 1072 1517 impressam
1116 1432 1436 1495 exhibens.
1520 1430 1644 1491 Fac
1672 1427 1900 1509 igitur,
1951 1434 2216 1491 noctuae
2259 1424 2661 1491 simulacrum

398 1541 766 1621 impressum
828 1538 1017 1601 fuisse
1078 1536 1229 1598 illis·
1268 1532 1481 1596 Atticis
1550 1530 1724 1607 olliS,
1814 1545 1968 1613 quas
2034 1548 2248 1595 secum
2325 1528 2664 1595 attulerant

399 1635 816 1705 Pisth'etaerus
862 1648 1048 1722 atque
1090 1635 1461 1720 EuelpideS,
1522 1642 1587 1698 et
1639 1642 1864 1717 sponte
1907 1636 2263 1717 apparebit,
2317 1653 2508 1719 quam
2553 1633 2662 1695 le-

399 1746 545 1828 pide
591 1754 652 1808 et
694 1744 885 1808 simul·
920 1748 1150 1825 quanta
1204 1737 1735 1805 verisimilitudine
1777 1738 2038 1800 affirmet
2085 1738 2538 1815 Pisthetaerus,
2605 1737 2662 1798 si

402 1848 564 1909 ollas
607 1847 693 1908 ita
729 1847 997 1928 ‘signatas
1040 1850 1290 1906 teneant
1321 1841 1422 1905 vel
1455 1838 1666 1923 potius
1705 1840 1770 1902 in
1805 1841 2010 1923 capite
2038 1847 2298 1923 gestent,
2345 1848 2663 1903 noctuam

398 1950 572 2031 ipsos
616 1967 745 2010 non
787 1968 924 2010 esse
969 1964 1417 2029 aggressuram.
1502 1946 1676 2007 Haec
1721 1945 1772 2006 si
1813 1964 1942 2007 non
1981 1943 2481 2026 improbabiliter
2519 1943 2663 2005 dis-

397 2054 778 2135 putavimuS,
822 2070 955 2112 non
997 2050 1201 2112 solum
1242 2050 1347 2125 iis,
1414 2048 1520 2129 qui
1563 2046 1880 2109 Comicum
1923 2045 2270 2115 accuratius
2311 2042 2667 2129 intelligere

401 2158 675 2237 cupiant,
734 2154 897 2215 bene
961 2150 1305 2215 consultum
1367 2152 1513 2228 erit,
1571 2152 1686 2214 sed
1741 2151 1927 2213 etiam
1984 2148 2388 2233 archaeologi
2441 2150 2662 2212 habe-

398 2257 555 2317 bunt
596 2260 829 2316 certum
873 2251 1222 2333 exemplum
1264 2252 1356 2312 rei
1401 2253 1534 2335 jam
1587 2270 1702 2332 per
1751 2272 1821 2315 se
1866 2252 2117 2333 quidem
2155 2253 2494 2316 admodum
2541 2274 2662 2315 ve-

400 2356 726 2433 rosimilis,
790 2356 931 2431 sed,
995 2354 1167 2435 quod
1232 2373 1349 2436 ego
1425 2353 1647 2431 sciam,
1713 2353 1919 2417 adhuc
1960 2375 2089 2418 non
2150 2356 2473 2438 probatae.
2565 2356 2660 2417 De

400 2460 703 2523 similibus
746 2459 934 2541 signis
976 2457 1292 2538 impressis
1379 2457 1489 2518 cfr.
1553 2475 1714 2539 quae
1779 2459 2090 2542 congessit
2129 2458 2530 2521 Thiersehius
2571 2456 2661 2518 li-
2734 2508 2735 2524 ,

398 2564 495 2624 bri
517 2611 534 2639 ,
579 2563 683 2643 qui
723 2561 1108 2624 inscribitur:
1174 2557 1712 2643 »Abhandlungen
1769 2560 1884 2623 der
1935 2562 2660 2645 philosoph.—philolol.

401 2666 612 2727 Classe
656 2666 768 2726 der
796 2662 1496 2745 Konigl.·Baye1-ischen
1533 2663 1871 2724 Akademie
1907 2662 2022 2725 der
2055 2654 2658 2745 wissenschaften»,

401 2770 539 2829 Vol.
579 2768 649 2829 11.
694 2768 755 2827 Ρ.
790 2766 861 2827 ll.
904 2784 964 2846 p.
1003 2764 1129 2828 802
1167 2785 1333 2845 sqq„
1378 2771 1440 2825 et
1480 2765 1720 2843 pictura
1763 2766 1928 2828 vasis
1968 2766 2261 2849 publicati
2305 2786 2344 2828 a
2373 2768 2662 2831 Gerhar—

402 2870 507 2932 dio
552 2870 713 2945 libri,
759 2888 943 2949 quem
986 2867 1325 2948 inscripsit:
1374 2866 1811 2931 »Griechisch'e
1846 2866 1974 2931 und
1999 2868 2396 2932 Etruskische
2421 2872 2661 2932 Trink-
2730 2870 2731 2903 ³

401 2972 656 3033 schalen
685 2973 793 3034 des
820 2970 1230 3053 Ktiniglichen
1253 2970 1566 3031 Museums
1601 2990 1675 3031 zu
1709 2970 1976 3047 Berlin»,
2015 2972 2140 3034 tab.
2171 2974 2333 3035 XIV.
2353 2973 2493 3035 XV.
2566 2976 2661 3038 Ad

398 3076 564 3135 hunc
584 3071 793 3133 locum
816 3070 1046 3152 optime
1071 3071 1352 3151 quadrat,
1376 3072 1429 3133 si
1456 3071 1562 3133 illa
1590 3080 1854 3135 noctuae
1875 3073 2202 3136 simulacra
2221 3074 2337 3136 sub
2361 3074 2504 3137 ollis
2531 3077 2659 3138 im—

401 3190 616 3257 pressa
659 3172 849 3234 fuisse
891 3174 1190 3236 statuitur.
1236 3208 1317 3220 —
1359 3176 1496 3236 Jam
1537 3184 1763 3254 restat,
1834 3187 1902 3240 ut
1944 3178 2130 3240 etiam
2175 3197 2252 3240 ea
2295 3178 2488 3242 verba
2535 3200 2659 3240 ex-

402 3275 701 3338 cutiamus
745 3276 1115 3351 accuratius,
1175 3277 1396 3357 quibus
1441 3279 1647 3342 avium
1691 3281 1988 3342 aduncos·
2017 3300 2249 3365 ungues
2291 3278 2657 3343 habentium

402 3380 628 3441 mentio
672 3378 745 3441 fit
787 3380 1167 3455 etrationis,
1214 3400 1335 3460 qua
1378 3382 1502 3444 vita
1548 3382 1626 3443 ab
1668 3381 1945 3463 ipsarum
1987 3381 2221 3465 impetu
2258 3382 2658 3447 defendenda
2724 3446 2725 3488 ἡ

402 3484 499 3545 sit.
584 3486 661 3545 Et
721 3484 990 3545 animum
1046 3485 1373 3549 advertunt
1425 3489 1558 3569 jam
1602 3504 1714 3563 ea,
1789 3506 1950 3570 quae
1992 3490 2193 3572 primo
2261 3488 2470 3571 posita
2517 3494 2661 3549 sunt

370 3575 567 3646 ‘loco.
648 3586 889 3649 Etenim
931 3608 1117 3668 quum
1160 3588 1496 3669 Euelpides
1533 3589 1731 3653 dicat:
1773 3604 1915 3667 τοῖς
1941 3584 2334 3675 γαμψώνυξι
2363 3590 2656 3675 vulg-de,
2722 3622 2723 3627 ¹

402 3694 879 3749 consentaneum
945 3696 1039 3751 est
1106 3707 1388 3763 sumere,
1459 3708 1602 3753 aves
1667 3690 1924 3754 aduncis
1991 3692 2296 3774 unguibus
2338 3690 2658 3772 praeditas

398 3787 488 3849 ita
529 3786 721 3849 fuisse
760 3790 1113 3866 instructas,
1162 3798 1241 3853 -ut
1294 3792 1582 3875 Euelpidi
1625 3795 1951 3875 proximae
1993 3802 2222 3858 essent.
2305 3795 2492 3875 Atqui
2540 3814 2660 3857 co·-

401 3882 725 3970 gnovimns
776 3893 944 3975 Jam,
1002 3894 1205 3955 avium
1266 3895 1346 3956 ad
1394 3894 1652 3957 chorum
1695 3898 2130 3978 pertinentium
2189 3896 2404 3975 aciem,
2451 3914 2660 3977 aeque
2717 3964 2719 3983 ἰ

403 3997 591 4071 atque
630 3996 820 4056 moris
866 3997 1198 4059 erat‘inter
1240 4000 1559 4076 homineS,
1625 4000 1716 4063 sic
1757 4001 1949 4063 fuisse
1989 4002 2326 4064 institutam
2352 4048 2367 4075 ‚
2412 4007 2480 4062 ut
2525 3998 2652 4060 duo

402 4100 911 4174 cornua'essent;
954 4120 1145 4183 porro
1194 4102 1447 4164 dubium
1495 4124 1632 4166 esse
1689 4124 1816 4166 non
1872 4113 2098 4186 potest,
2165 4107 2311 4185 quin
2355 4104 2438 4166 ad
2489 4105 2654 4165 dex-

400 4202 600 4257 terum
646 4214 872 4275 cornu,
932 4205 1103 4282 quod
1146 4206 1411 4285 primum
1454 4206 1749 4287 impetum
1810 4209 2114 4271 facturum
2179 4226 2318 4271 esse
2362 4207 2654 4270 discimus
2712 4268 2715 4275 ⁴

406 4314 484 4358 ex
522 4298 628 4359 Vs.
667 4298 810 4375 353,
853 4300 1029 4383 ipsae
1071 4305 1218 4369 illae
1277 4328 1421 4373 aves
1469 4312 1746 4374 aduncos
1811 4322 2046 4396 ungues
2089 4312 2392 4374 habentes
2445 4307 2657 4391 perti-

2708 4474 2714 4647 1
