2759 5084
1025 203 1449 264 —47—

105 369 362 429 duceret
401 367 512 429 tei.
596 367 720 431 Fac
739 415 756 445 ,
821 368 948 431 talo
992 369 1174 449 quid,
1237 369 1400 433 Aves
1444 389 1635 452 quum
1680 379 2003 454 ageretur,
2074 391 2189 434 usu
2232 391 2351 435 ve-

104 471 285 544 nisse,
333 475 400 530 et
442 487 656 534 omnes
703 469 978 552 scrupuli
1020 473 1244 536 remoti
1289 479 1501 547 erunt3
1544 473 1730 538 simul
1774 474 2119 556 apparebit,
2162 493 2349 555 quam

103 573 354 657 egregie
423 575 634 636 omnia
703 574 1072 650 concinant3
1146 593 1290 638 nam
1359 597 1547 659 quum
1618 577 1867 640 tibicine
1932 599 2089 661 opus
2166 586 2347 654 esset,

101 695 338 738 sumna
383 695 540 740 sano
566 677 1000 760 hujuscemodi
1049 679 1275 742 artifex
1331 688 1551 744 natura
1594 700 1705 743 sua
1750 689 1887 744 erat
1926 680 2187 744 luscinia
2230 699 2349 744 ea·-

111 801 224 862 que
263 781 410 862 ipsa
454 781 732 862 Upupae,
777 783 952 866 cujus
995 799 1254 865 magnae
1295 783 1358 844 in
1397 783 1613 846 fabula
1656 785 1898 866 agenda
1940 791 2149 866 partes
2188 791 2347 860 sunt,

105 903 268 946 uxor.
359 883 529 958 Quin
572 884 638 946 id
679 867 910 965 ipsum,
973 886 1146 965 quod
1207 883 1489 948 luscinia
1550 894 1645 948 est
1666 935 1681 962 ,
1752 908 1912 969 quae
1968 887 2119 950 tibia
2162 886 2345 960 canit,

104 987 192 1048 vel
233 1007 356 1068 per
400 1005 472 1049 se
514 986 720 1050 solum
761 985 1027 1070 flagitat,
1073 995 1141 1049 ut
1185 1007 1324 1051 eum
1346 1037 1360 1065 ,
1404 989 1513 1070 qui
1556 989 1879 1054 lusciniam
1924 989 2177 1074 agebat,
2224 1007 2345 1049 ex-

101 1089 608 1164 cellentissimum
651 1089 844 1153 fuisse
909 1087 1224 1154 tibicinem
1275 1111 1589 1158 sumamus
1610 1142 1627 1170 ,
1688 1103 1757 1157 ut
1800 1102 2040 1159 taceam
2082 1089 2345 1154 ridicula

97 1193 220 1254 fere
264 1211 414 1254 esse
457 1192 647 1260 verba
665 1240 682 1268 ,
743 1211 905 1273 quae
951 1193 1032 1254 ab
1076 1193 1294 1276 Upupa
1333 1196 1733 1277 proferuntur
1774 1199 1877 1259 Vs.
1922 1195 2049 1258 210
2084 1213 2245 1275 sqq„
2290 1191 2345 1254 si

93 1296 170 1358 ita
211 1316 352 1359 non
407 1295 601 1358 fuisse
643 1298 1020 1366 censendum
1081 1307 1262 1361 esset.
1347 1301 1485 1362 Iam
1544 1299 1907 1382 intelligitur
1962 1298 2173 1372 etiam,
2236 1296 2341 1378 qui

93 1400 226 1479 fiat,
289 1411 362 1463 ut
403 1400 666 1475 luscinia·
708 1402 1028 1466 excitetur
1068 1423 1314 1485 semper
1365 1405 1448 1468 ad
1492 1406 1839 1468 canendum
1880 1404 2061 1482 tibia,
2112 1403 2343 1487 quippe

95 1511 284 1566 extra
355 1500 654 1566 ordinem
721 1504 904 1566 canit.
991 1504 1259 1568 Omnino
1325 1505 1705 1570 admirabilis
1760 1526 1911 1568 sane
1965 1514 2195 1587 poetae
2239 1525 2341 1572 ars

97 1603 440 1686 conspicua
480 1612 576 1668 ost
612 1605 678 1668 in
721 1605 1027 1683 omnibus,
1071 1625 1234 1688 quae
1275 1609 1357 1670 ad
1392 1607 1719 1670 lusciniam
1750 1615 2049 1688 spectant.
2136 1607 2341 1681 Quam

94 1708 434 1776 artificiose
475 1708 646 1772 hunc
678 1708 994 1776 tibicinem
1039 1711 1290 1772 fabulae
1327 1711 1447 1791 ipsi
1482 1710 1845 1786 immiscuit,
1888 1710 1955 1771 id
2000 1710 2172 1791 quod
2206 1709 2339 1771 fere

93 1813 320 1876 eodem
377 1811 572 1874 mode
617 1809 786 1874 valet
827 1811 906 1874 de
965 1821 1258 1893 quattuor
1299 1813 1425 1874 illis
1478 1811 1757 1887 musicis,
1812 1811 1917 1892 qui
1958 1811 2025 1873 in
2067 1811 2188 1874 hac
2230 1812 2337 1874 fa·-

89 1911 235 1976 bula
281 1907 414 1976 non
455 1931 710 1994 prorsus
755 1931 882 1974 non
927 1912 1340 1994 respiciuntur
1380 1913 1479 1976 vel
1542 1913 1797 1978 omnino
1844 1923 2213 1996 separantur
2254 1913 2335 1978 ab

86 2015 178 2092 iis,
225 2015 340 2098 qui
381 2021 612 2078 canunt
653 2023 716 2078 et
757 2024 960 2100 agunt,
1006 2017 1120 2079 sed
1156 2018 1287 2100 jam
1319 2038 1417 2095 eo,
1462 2019 1631 2100 quod
1654 2018 2067 2093 nominantur,
2110 2017 2333 2080 eodem

91 2121 218 2182 fere
253 2119 408 2182 loco
449 2119 794 2196 habentur,
839 2139 964 2200 quo
1001 2120 1256 2194 chorus3
1305 2141 1491 2202 quam
1537 2123 1783 2206 egregie
1826 2123 2005 2200 cavit,
2058 2141 2137 2184 ne
2177 2119 2335 2184 tibi-

19 2220 21 2313 1
88 2241 200 2284 cen
265 2223 554 2284 Procnen
611 2239 800 2305 agens
855 2231 1100 2303 praeter
1161 2227 1693 2307 exspectationem
1736 2245 1961 2290 canere
2004 2225 2335 2301 videretur,

19 2320 21 2369 1
91 2336 149 2389 et
188 2325 380 2389 simul
424 2327 689 2402 curavit,
755 2345 832 2390 ea
875 2336 943 2389 ut
995 2329 1158 2410 aptis
1218 2329 1377 2392 locis
1424 2337 1707 2406 caneret3
1772 2349 1957 2410 quam
2011 2327 2333 2410 praeclare

19 2434 21 2527 J
87 2429 398 2492 rationem
440 2430 659 2496 habuit
703 2432 1020 2512 temporis,
1066 2451 1190 2512 quo
1235 2432 1397 2497 haec
1438 2438 1577 2494 acta
1618 2438 1716 2494 est
1756 2431 1970 2493 fabula
2011 2467 2097 2478 —-
2128 2439 2333 2493 actam

19 2528 21 2589 ἓ
89 2543 292 2596 autem
340 2553 484 2596 esse
542 2534 856 2618 Dionysiis
897 2534 1150 2597 urbanis
1209 2543 1457 2598 constat
1498 2571 1581 2582 —-
1644 2542 1707 2598 et
1764 2534 1899 2596 vice
1954 2551 2133 2596 versa
2196 2533 2329 2615 ejus

19 2678 21 2719 3
51 2723 54 2728 ‚
89 2639 224 2700 anni
265 2638 500 2720 partis,
547 2655 670 2720 qua
711 2638 1006 2701 lusciniae
1051 2655 1274 2700 canere
1315 2639 1537 2714 solent,
1582 2657 1768 2720 quum
1814 2636 2072 2698 chorum
2108 2635 2331 2698 dicen-

19 2756 21 2761 ’
85 2749 204 2802 tem
249 2740 404 2804 fecit
466 2741 572 2803 Vs.
611 2741 778 2804 683:
827 2741 1216 2827 φθέγμασιν
1262 2735 1635 2828 &pavores
1714 2741 1824 2804 His
1880 2742 1966 2802 ita
2008 2739 2331 2822 disputatis

85 2844 328 2908 videtur
367 2845 514 2906 satis
573 2863 712 2907 esse
765 2843 991 2906 dietum
1035 2844 1116 2906 de
1173 2846 1383 2926 priore
1440 2845 1815 2929 objectione.
1876 2877 1957 2890 -·
1999 2845 2331 2925 Pergamus

19 3004 21 3035 J
78 2949 200 3030 jam
247 2946 336 3008 ad
379 2947 656 3010 alteram.
741 2949 819 3008 Et
861 2965 939 3009 ea
981 2948 1260 3030 quidem,
1321 2968 1485 3030 quae
1550 2949 1631 3010 de
1686 2947 1955 3029 capistro
1999 2953 2141 3007 sunt
2182 2962 2330 3005 mo-

19 3046 21 3117 ἰ
85 3052 233 3128 nita,
283 3058 356 3113 ut
396 3059 566 3114 recte
609 3051 920 3116 aestimari
963 3051 1232 3132 possint,
1296 3070 1425 3114 non
1466 3052 1681 3114 inutile
1736 3049 1921 3113 fuerit
1962 3047 2329 3120 meminisse,

19 3120 21 3169 Ι
84 3155 228 3217 illud
276 3151 440 3239 ἄτερ
485 3157 804 3240 φορβειάς
849 3155 1064 3238 φυσᾶν
1107 3154 1429 3237 proprium
1458 3154 1649 3217 fuisse
1692 3173 1939 3228 eorum,
1986 3152 2090 3233 qui
2132 3151 2331 3234 plenis

19 3294 22 3351 J
83 3257 290 3322 buccis
327 3267 402 3320 ‘et
443 3258 868 3322 vehementius
921 3257 1105 3321 tibias
1146 3257 1366 3320 inflare
1426 3259 1681 3333 vellent,
1742 3264 1956 3320 eontra
2000 3269 2147 3318 usos
2190 3275 2331 3319 esse

19 3354 22 3435 Ξ
85 3357 354 3442 capistro
374 3409 390 3437 ,
453 3363 673 3444 quibus
717 3370 824 3424 aut
881 3362 1102 3437 lenius,
1162 3363 1294 3425 sive
1348 3365 1599 3424 omnino
1642 3363 1773 3424 sive
1816 3362 1898 3425 ad
1938 3370 2197 3442 partem,
2240 3361 2331 3420 ti-

83 3465 216 3526 biae
261 3463 578 3526 inflandae
623 3473 832 3528 essent
873 3473 980 3527 aut
1035 3465 1374 3528 cavendum
1392 3513 1407 3540 ,
1474 3485 1553 3526 ne
1595 3466 1755 3528 inter
1818 3463 2089 3526 flandum
2150 3463 2329 3524 nimis

84 3569 308 3630 multus
351 3575 570 3629 ventus
612 3566 838 3630 frustra
881 3569 1131 3650 periret.
1216 3571 1318 3632 Sic
1361 3569 1522 3631 enim
1564 3567 1629 3630 in
1684 3567 2033 3628 universum
2076 3567 2155 3628 de
2200 3585 2329 3648 po-

82 3673 346 3736 steriore
385 3672 540 3734 tibia
579 3673 841 3735 canendi
883 3675 1124 3735 ratione
1184 3673 1571 3736 statuendum
1631 3671 1901 3746 videtur,
1963 3689 2107 3733 nam
2151 3671 2329 3752 capi—-

19 3840 21 3863 ÷
82 3783 268 3837 strum
317 3794 446 3838 non
483 3775 874 3857 impedivisse
908 3775 1439 3840 vehementiorem
1474 3778 1702 3851 flatum,
1748 3783 1814 3837 ut
1844 3776 1963 3837 alia
2002 3777 2327 3848 mittamuS,

19 3894 22 4041 J
82 3877 264 3942 docet
305 3876 510 3960 figura
555 3876 1010 3954 buccinatoris,
1055 3898 1235 3960 quam
1279 3881 1737 3962 repraesentari
1772 3881 2086 3964 jusserunt
2126 3878 2326 3939 Micali

85 3978 340 4042 «l’ltalia
383 3981 589 4042 avanti
615 3981 664 4042 il·
691 3981 964 4043 dominio
1003 3981 1104 4042 dei
1137 3982 1435 4043 Romani»
1486 3984 1609 4044 tab.
1635 3983 1681 4044 C
1726 3991 1789 4044 et
1832 3980 2106 4044 Panossta
2156 3981 2325 4042 «Bil—

19 4112 21 4119 ·
83 4083 194 4144 der
239 4083 497 4146 antiken
539 4085 821 4147 Lehens»
870 4085 1017 4149 fasc.
1040 4087 1111 4160 11,
1157 4087 1280 4148 tab.
1307 4087 1433 4148 Vll.
1520 4089 1753 4160 'racem
1800 4086 1967 4166 quod
2006 4086 2135 4168 jam
2180 4086 2324 4146 Sal-

82 4187 312 4250 masius
379 4187 699 4248 adnotavit
753 4189 830 4250 de
892 4190 1158 4270 capistro
1220 4207 1408 4272 agens
1472 4189 1721 4250 Plinian.
1781 4190 2106 4251 Exercitat.
2168 4191 2233 4249 T.
2278 4189 2321 4262 1,

19 4314 21 4319 ·
80 4311 134 4370 p.
173 4289 325 4365 5825,
369 4289 495 4352 hoe
539 4290 804 4371 capistro
851 4293 1126 4354 tibicines
1172 4313 1240 4354 os
1286 4293 1402 4354 sibi
1442 4293 1752 4372 obligasse
1798 4300 1861 4352 et
1900 4295 2121 4354 buccas
2164 4292 2320 4352 sub-

19 4372 26 4591 ι

18 4651 27 4902 ¹
