<?xml version="1.0" encoding="UTF-8"?>
<!DOCTYPE html PUBLIC "-//W3C//DTD XHTML 1.0 Transitional//EN"
    "http://www.w3.org/TR/xhtml1/DTD/xhtml1-transitional.dtd">
<html xmlns="http://www.w3.org/1999/xhtml" xml:lang="en" lang="en">
 <head>
  <title>
</title>
<meta http-equiv="Content-Type" content="text/html;charset=utf-8" />
  <meta name='ocr-system' content='tesseract 3.04.00' />
  <meta name='ocr-capabilities' content='ocr_page ocr_carea ocr_par ocr_line ocrx_word'/>
</head>
<body>
  <div class='ocr_page' id='page_1' title='image "./adversariainaea04wiesgoog_0098.png"; bbox 0 0 2759 5084; ppageno 0'>
   <div class='ocr_carea' id='block_1_1' title="bbox 1321 204 1744 267">
    <p class='ocr_par' dir='ltr' id='par_1_1' title="bbox 1321 204 1744 267">
     <span class='ocr_line' id='line_1_1' title="bbox 1321 204 1744 267; baseline 0.005 -16"><span class='ocrx_word' id='word_1_1' title='bbox 1321 204 1574 267; x_wconf 65' lang='lat'><strong>-84</strong></span> <span class='ocrx_word' id='word_1_2' title='bbox 1659 237 1744 253; x_wconf 84' lang='grc'><strong>-.</strong></span> 
     </span>
    </p>
   </div>
   <div class='ocr_carea' id='block_1_2' title="bbox 402 364 2660 2207">
    <p class='ocr_par' dir='ltr' id='par_1_2' title="bbox 506 364 2655 458">
     <span class='ocr_line' id='line_1_2' title="bbox 506 364 2655 458; baseline -0.001 -17"><span class='ocrx_word' id='word_1_3' title='bbox 506 371 607 441; x_wconf 68' lang='lat' dir='ltr'><strong>To?</strong></span> <span class='ocrx_word' id='word_1_4' title='bbox 630 368 898 457; x_wconf 71' lang='grc' dir='ltr'><strong><em>μέταλλ’</em></strong></span> <span class='ocrx_word' id='word_1_5' title='bbox 929 366 1157 447; x_wconf 68' lang='grc' dir='ltr'><strong>αὐτοῖς</strong></span> <span class='ocrx_word' id='word_1_6' title='bbox 1184 372 1716 458; x_wconf 64' lang='grc' dir='ltr'><strong>μαντευομένοις</strong></span> <span class='ocrx_word' id='word_1_7' title='bbox 1743 364 1970 440; x_wconf 70' lang='grc' dir='ltr'><strong><em>οὗτοι</em></strong></span> <span class='ocrx_word' id='word_1_8' title='bbox 1997 369 2267 439; x_wconf 61' lang='lat' dir='ltr'><strong>wannoc</strong></span> <span class='ocrx_word' id='word_1_9' title='bbox 2296 366 2379 437; x_wconf 74' lang='grc' dir='ltr'><strong>τὰ</strong></span> <span class='ocrx_word' id='word_1_10' title='bbox 2415 372 2655 458; x_wconf 49' lang='lat' dir='ltr'><strong>zenoso}</strong></span> 
     </span>
    </p>

    <p class='ocr_par' dir='ltr' id='par_1_3' title="bbox 490 468 2660 561">
     <span class='ocr_line' id='line_1_3' title="bbox 490 468 2660 561; baseline -0 -21"><span class='ocrx_word' id='word_1_11' title='bbox 490 472 615 549; x_wconf 75' lang='lat' dir='ltr'><strong>w&#39;c</strong></span> <span class='ocrx_word' id='word_1_12' title='bbox 636 470 694 541; x_wconf 72' lang='grc' dir='ltr'><strong>τ’</strong></span> <span class='ocrx_word' id='word_1_13' title='bbox 718 474 1049 561; x_wconf 68' lang='grc' dir='ltr'><strong>ἐμπορίας</strong></span> <span class='ocrx_word' id='word_1_14' title='bbox 1080 468 1202 548; x_wconf 68' lang='grc' dir='ltr'><strong>ταῖς</strong></span> <span class='ocrx_word' id='word_1_15' title='bbox 1230 472 1576 559; x_wconf 67' lang='grc' dir='ltr'><strong><em>κερδαλέας</em></strong></span> <span class='ocrx_word' id='word_1_16' title='bbox 1613 471 1779 559; x_wconf 64' lang='grc' dir='ltr'><strong>πρὸς</strong></span> <span class='ocrx_word' id='word_1_17' title='bbox 1806 469 1926 542; x_wconf 72' lang='grc' dir='ltr'><strong>τὸν</strong></span> <span class='ocrx_word' id='word_1_18' title='bbox 1961 471 2218 559; x_wconf 68' lang='grc' dir='ltr'><strong>μάντιν</strong></span> <span class='ocrx_word' id='word_1_19' title='bbox 2244 472 2660 558; x_wconf 66' lang='grc' dir='ltr'><strong>κατεροῦσιν,</strong></span> 
     </span>
    </p>

    <p class='ocr_par' dir='ltr' id='par_1_4' title="bbox 408 568 2148 765">
     <span class='ocr_line' id='line_1_4' title="bbox 492 568 2148 661; baseline -0.003 -18"><span class='ocrx_word' id='word_1_20' title='bbox 492 572 635 651; x_wconf 71' lang='grc' dir='ltr'><strong>ὥστ’</strong></span> <span class='ocrx_word' id='word_1_21' title='bbox 678 568 1027 645; x_wconf 74' lang='grc' dir='ltr'><strong><em>ἀπολεῖται·</em></strong></span> <span class='ocrx_word' id='word_1_22' title='bbox 1062 577 1195 645; x_wconf 69' lang='grc' dir='ltr'><strong>τῶν</strong></span> <span class='ocrx_word' id='word_1_23' title='bbox 1238 573 1622 661; x_wconf 62' lang='grc' dir='ltr'><strong>ναυκλήρων</strong></span> <span class='ocrx_word' id='word_1_24' title='bbox 1663 575 1906 653; x_wconf 68' lang='grc' dir='ltr'><strong>οὐδείς.</strong></span> <span class='ocrx_word' id='word_1_25' title='bbox 2141 600 2148 607; x_wconf 94' lang='grc'>·</span> 
     </span>
     <span class='ocr_line' id='line_1_5' title="bbox 408 678 1898 765; baseline -0.005 -18"><span class='ocrx_word' id='word_1_26' title='bbox 408 683 529 747; x_wconf 77' lang='lat' dir='ltr'><strong>Ant</strong></span> <span class='ocrx_word' id='word_1_27' title='bbox 570 700 689 765; x_wconf 75' lang='lat' dir='ltr'><strong>ego</strong></span> <span class='ocrx_word' id='word_1_28' title='bbox 734 680 925 743; x_wconf 69' lang='lat' dir='ltr'><strong>folior</strong></span> <span class='ocrx_word' id='word_1_29' title='bbox 946 729 963 757; x_wconf 92' lang='lat'><strong>,</strong></span> <span class='ocrx_word' id='word_1_30' title='bbox 1016 686 1125 743; x_wconf 82' lang='lat' dir='ltr'><strong>aut</strong></span> <span class='ocrx_word' id='word_1_31' title='bbox 1164 681 1498 761; x_wconf 76' lang='lat' dir='ltr'><strong>scripserat</strong></span> <span class='ocrx_word' id='word_1_32' title='bbox 1535 678 1640 742; x_wconf 89' lang='lat' dir='ltr'><strong>hic</strong></span> <span class='ocrx_word' id='word_1_33' title='bbox 1679 686 1898 760; x_wconf 77' lang='lat' dir='ltr'><strong>poeta:</strong></span> 
     </span>
    </p>

    <p class='ocr_par' dir='ltr' id='par_1_5' title="bbox 402 778 2655 2207">
     <span class='ocr_line' id='line_1_6' title="bbox 493 778 1945 859; baseline 0.003 -8"><span class='ocrx_word' id='word_1_34' title='bbox 493 786 827 852; x_wconf 73' lang='grc' dir='ltr'><strong>Πλουτεῖν</strong></span> <span class='ocrx_word' id='word_1_35' title='bbox 868 783 937 851; x_wconf 78' lang='grc' dir='ltr'><strong>δὲ</strong></span> <span class='ocrx_word' id='word_1_36' title='bbox 980 781 1203 851; x_wconf 72' lang='grc' dir='ltr'><strong><em>πόθον</em></strong></span> <span class='ocrx_word' id='word_1_37' title='bbox 1246 782 1498 849; x_wconf 73' lang='grc' dir='ltr'><strong><em>δῶσιν</em></strong></span> <span class='ocrx_word' id='word_1_38' title='bbox 1539 778 1643 850; x_wconf 72' lang='grc' dir='ltr'><strong>ἂν</strong></span> <span class='ocrx_word' id='word_1_39' title='bbox 1683 778 1945 859; x_wconf 59' lang='lat' dir='ltr'><strong>«dveit-⁸3</strong></span> 
     </span>
     <span class='ocr_line' id='line_1_7' title="bbox 406 882 2654 969; baseline -0.003 -18"><span class='ocrx_word' id='word_1_40' title='bbox 406 891 561 964; x_wconf 75' lang='lat' dir='ltr'>Jnm,</span> <span class='ocrx_word' id='word_1_41' title='bbox 606 886 789 969; x_wconf 87' lang='lat' dir='ltr'><strong>quod·</strong></span> <span class='ocrx_word' id='word_1_42' title='bbox 820 887 902 949; x_wconf 87' lang='lat' dir='ltr'><strong>ad</strong></span> <span class='ocrx_word' id='word_1_43' title='bbox 933 902 1224 951; x_wconf 83' lang='lat' dir='ltr'><strong>versuum</strong></span> <span class='ocrx_word' id='word_1_44' title='bbox 1267 886 1768 949; x_wconf 79' lang='lat' dir='ltr'><strong>distributionem</strong></span> <span class='ocrx_word' id='word_1_45' title='bbox 1810 884 2044 961; x_wconf 77' lang='lat' dir='ltr'><strong>attinet,</strong></span> <span class='ocrx_word' id='word_1_46' title='bbox 2088 904 2215 947; x_wconf 87' lang='lat' dir='ltr'><strong>non</strong></span> <span class='ocrx_word' id='word_1_47' title='bbox 2253 891 2350 948; x_wconf 88' lang='lat' dir='ltr'><strong>est</strong></span> <span class='ocrx_word' id='word_1_48' title='bbox 2385 882 2654 959; x_wconf 84' lang='lat' dir='ltr'><strong>dubium,</strong></span> 
     </span>
     <span class='ocr_line' id='line_1_8' title="bbox 410 987 2655 1072; baseline -0.001 -20"><span class='ocrx_word' id='word_1_49' title='bbox 410 991 559 1072; x_wconf 86' lang='lat' dir='ltr'><strong>quin</strong></span> <span class='ocrx_word' id='word_1_50' title='bbox 599 990 747 1055; x_wconf 84' lang='lat' dir='ltr'><strong>inde</strong></span> <span class='ocrx_word' id='word_1_51' title='bbox 800 1010 839 1053; x_wconf 81' lang='lat' dir='ltr'><strong>a</strong></span> <span class='ocrx_word' id='word_1_52' title='bbox 878 993 989 1054; x_wconf 83' lang='lat' dir='ltr'><strong>Vs.</strong></span> <span class='ocrx_word' id='word_1_53' title='bbox 1014 992 1139 1055; x_wconf 89' lang='grc'><strong>597</strong></span> <span class='ocrx_word' id='word_1_54' title='bbox 1186 1010 1315 1054; x_wconf 87' lang='lat' dir='ltr'><strong>non</strong></span> <span class='ocrx_word' id='word_1_55' title='bbox 1356 989 1588 1053; x_wconf 85' lang='lat' dir='ltr'><strong>chorus</strong></span> <span class='ocrx_word' id='word_1_56' title='bbox 1632 988 1816 1064; x_wconf 81' lang='lat' dir='ltr'><strong>dicat,</strong></span> <span class='ocrx_word' id='word_1_57' title='bbox 1857 988 1974 1051; x_wconf 85' lang='lat' dir='ltr'><strong>sed</strong></span> <span class='ocrx_word' id='word_1_58' title='bbox 2016 988 2254 1069; x_wconf 84' lang='lat' dir='ltr'><strong>Upupa.</strong></span> <span class='ocrx_word' id='word_1_59' title='bbox 2339 988 2408 1048; x_wconf 88' lang='lat' dir='ltr'><strong>In</strong></span> <span class='ocrx_word' id='word_1_60' title='bbox 2449 987 2655 1069; x_wconf 85' lang='lat' dir='ltr'><strong>priore</strong></span> 
     </span>
     <span class='ocr_line' id='line_1_9' title="bbox 406 1090 2654 1176; baseline -0.002 -21"><span class='ocrx_word' id='word_1_61' title='bbox 406 1112 629 1157; x_wconf 76' lang='lat' dir='ltr'><strong>scevae</strong></span> <span class='ocrx_word' id='word_1_62' title='bbox 672 1100 849 1175; x_wconf 85' lang='lat' dir='ltr'><strong>parte</strong></span> <span class='ocrx_word' id='word_1_63' title='bbox 890 1092 1028 1157; x_wconf 84' lang='lat' dir='ltr'><strong>fieri</strong></span> <span class='ocrx_word' id='word_1_64' title='bbox 1070 1100 1279 1176; x_wconf 84' lang='lat' dir='ltr'><strong>potest</strong></span> <span class='ocrx_word' id='word_1_65' title='bbox 1315 1094 1478 1157; x_wconf 83' lang='lat' dir='ltr'><strong>hacc</strong></span> <span class='ocrx_word' id='word_1_66' title='bbox 1521 1093 1741 1155; x_wconf 86' lang='lat' dir='ltr'><strong>eadem</strong></span> <span class='ocrx_word' id='word_1_67' title='bbox 1767 1099 1836 1156; x_wconf 89' lang='lat' dir='ltr'><strong>ut</strong></span> <span class='ocrx_word' id='word_1_68' title='bbox 1877 1110 1954 1154; x_wconf 89' lang='lat' dir='ltr'><strong>ea</strong></span> <span class='ocrx_word' id='word_1_69' title='bbox 1985 1091 2178 1155; x_wconf 79' lang='lat' dir='ltr'><strong>verba</strong></span> <span class='ocrx_word' id='word_1_70' title='bbox 2219 1090 2456 1167; x_wconf 83' lang='lat' dir='ltr'><strong>fecerit,</strong></span> <span class='ocrx_word' id='word_1_71' title='bbox 2497 1108 2654 1171; x_wconf 84' lang='lat' dir='ltr'><strong>quae</strong></span> 
     </span>
     <span class='ocr_line' id='line_1_10' title="bbox 404 1192 2654 1276; baseline -0.001 -19"><span class='ocrx_word' id='word_1_72' title='bbox 404 1205 551 1261; x_wconf 85' lang='lat' dir='ltr'><strong>sunt</strong></span> <span class='ocrx_word' id='word_1_73' title='bbox 589 1199 697 1261; x_wconf 82' lang='lat' dir='ltr'><strong>Vs.</strong></span> <span class='ocrx_word' id='word_1_74' title='bbox 736 1197 897 1274; x_wconf 85' lang='lat'><strong>553;</strong></span> <span class='ocrx_word' id='word_1_75' title='bbox 953 1198 1102 1260; x_wconf 83' lang='lat' dir='ltr'><strong>item</strong></span> <span class='ocrx_word' id='word_1_76' title='bbox 1143 1197 1277 1261; x_wconf 81' lang='lat' dir='ltr'><strong>veri</strong></span> <span class='ocrx_word' id='word_1_77' title='bbox 1318 1204 1414 1260; x_wconf 82' lang='lat' dir='ltr'><strong>est</strong></span> <span class='ocrx_word' id='word_1_78' title='bbox 1473 1196 1702 1271; x_wconf 81' lang='lat' dir='ltr'><strong>simile,</strong></span> <span class='ocrx_word' id='word_1_79' title='bbox 1758 1195 2016 1276; x_wconf 82' lang='lat' dir='ltr'><strong>Upupae</strong></span> <span class='ocrx_word' id='word_1_80' title='bbox 2059 1212 2198 1255; x_wconf 86' lang='lat' dir='ltr'><strong>esse</strong></span> <span class='ocrx_word' id='word_1_81' title='bbox 2268 1192 2654 1257; x_wconf 77' lang='lat' dir='ltr'><strong>tribuendam</strong></span> 
     </span>
     <span class='ocr_line' id='line_1_11' title="bbox 405 1296 2654 1382; baseline -0.002 -20"><span class='ocrx_word' id='word_1_82' title='bbox 405 1301 665 1365; x_wconf 79' lang='lat' dir='ltr'><strong>alteram</strong></span> <span class='ocrx_word' id='word_1_83' title='bbox 702 1306 945 1382; x_wconf 83' lang='lat' dir='ltr'><strong>partem</strong></span> <span class='ocrx_word' id='word_1_84' title='bbox 972 1319 1187 1364; x_wconf 79' lang='lat' dir='ltr'><strong>versus</strong></span> <span class='ocrx_word' id='word_1_85' title='bbox 1229 1302 1373 1377; x_wconf 84' lang='lat'>592,</span> <span class='ocrx_word' id='word_1_86' title='bbox 1419 1301 1499 1363; x_wconf 88' lang='lat' dir='ltr'><strong>de</strong></span> <span class='ocrx_word' id='word_1_87' title='bbox 1543 1318 1668 1381; x_wconf 84' lang='lat' dir='ltr'><strong>quo</strong></span> <span class='ocrx_word' id='word_1_88' title='bbox 1711 1299 1916 1361; x_wconf 81' lang='lat' dir='ltr'><strong>statim</strong></span> <span class='ocrx_word' id='word_1_89' title='bbox 1945 1304 2090 1380; x_wconf 86' lang='lat' dir='ltr'><strong>post</strong></span> <span class='ocrx_word' id='word_1_90' title='bbox 2127 1296 2346 1376; x_wconf 82' lang='lat' dir='ltr'><strong>paullo</strong></span> <span class='ocrx_word' id='word_1_91' title='bbox 2391 1314 2654 1359; x_wconf 79' lang='lat' dir='ltr'><strong>accura—</strong></span> 
     </span>
     <span class='ocr_line' id='line_1_12' title="bbox 404 1400 2652 1487; baseline -0.004 -20"><span class='ocrx_word' id='word_1_92' title='bbox 404 1405 525 1467; x_wconf 88' lang='lat' dir='ltr'><strong>tius</strong></span> <span class='ocrx_word' id='word_1_93' title='bbox 566 1404 787 1467; x_wconf 82' lang='lat' dir='ltr'><strong>dicam.</strong></span> <span class='ocrx_word' id='word_1_94' title='bbox 872 1405 1123 1481; x_wconf 81' lang='lat' dir='ltr'><strong>Cetera,</strong></span> <span class='ocrx_word' id='word_1_95' title='bbox 1166 1404 1351 1487; x_wconf 80' lang='lat' dir='ltr'><strong>igitur</strong></span> <span class='ocrx_word' id='word_1_96' title='bbox 1393 1406 1498 1467; x_wconf 72' lang='lat' dir='ltr'><strong>Vs.</strong></span> <span class='ocrx_word' id='word_1_97' title='bbox 1541 1405 1654 1467; x_wconf 89' lang='grc'><strong>57]</strong></span> <span class='ocrx_word' id='word_1_98' title='bbox 1705 1422 1828 1484; x_wconf 65' lang='lat' dir='ltr'><strong>sq„</strong></span> <span class='ocrx_word' id='word_1_99' title='bbox 1891 1400 2024 1476; x_wconf 79' lang='lat' dir='ltr'><strong>vei,</strong></span> <span class='ocrx_word' id='word_1_100' title='bbox 2079 1401 2134 1462; x_wconf 89' lang='lat' dir='ltr'><strong>si</strong></span> <span class='ocrx_word' id='word_1_101' title='bbox 2175 1418 2326 1463; x_wconf 76' lang='lat' dir='ltr'><strong>vera</strong></span> <span class='ocrx_word' id='word_1_102' title='bbox 2369 1407 2466 1463; x_wconf 86' lang='lat' dir='ltr'><strong>est</strong></span> <span class='ocrx_word' id='word_1_103' title='bbox 2507 1418 2652 1461; x_wconf 85' lang='lat' dir='ltr'><strong>sen-</strong></span> 
     </span>
     <span class='ocr_line' id='line_1_13' title="bbox 402 1505 2655 1590; baseline -0.001 -22"><span class='ocrx_word' id='word_1_104' title='bbox 402 1506 599 1569; x_wconf 85' lang='lat' dir='ltr'><strong>tentia</strong></span> <span class='ocrx_word' id='word_1_105' title='bbox 639 1506 884 1589; x_wconf 82' lang='lat' dir='ltr'><strong>Bergkii</strong></span> <span class='ocrx_word' id='word_1_106' title='bbox 900 1554 917 1585; x_wconf 90' lang='lat'>,</span> <span class='ocrx_word' id='word_1_107' title='bbox 980 1508 1061 1571; x_wconf 86' lang='lat' dir='ltr'><strong>de</strong></span> <span class='ocrx_word' id='word_1_108' title='bbox 1104 1524 1227 1590; x_wconf 84' lang='lat' dir='ltr'><strong>qua</strong></span> <span class='ocrx_word' id='word_1_109' title='bbox 1269 1508 1621 1589; x_wconf 83' lang='lat' dir='ltr'><strong>nuperrime</strong></span> <span class='ocrx_word' id='word_1_110' title='bbox 1667 1506 1952 1587; x_wconf 80' lang='lat' dir='ltr'><strong>exposuit</strong></span> <span class='ocrx_word' id='word_1_111' title='bbox 1989 1507 2146 1567; x_wconf 82' lang='lat' dir='ltr'><strong>Mus.</strong></span> <span class='ocrx_word' id='word_1_112' title='bbox 2188 1505 2469 1569; x_wconf 81' lang='lat' dir='ltr'><strong>Rhenan.</strong></span> <span class='ocrx_word' id='word_1_113' title='bbox 2511 1505 2655 1566; x_wconf 80' lang='lat' dir='ltr'><strong>fasc.</strong></span> 
     </span>
     <span class='ocr_line' id='line_1_14' title="bbox 408 1607 2654 1694; baseline -0.002 -22"><span class='ocrx_word' id='word_1_114' title='bbox 408 1610 455 1672; x_wconf 88' lang='lat'><strong>1.</strong></span> <span class='ocrx_word' id='word_1_115' title='bbox 500 1630 557 1673; x_wconf 89' lang='lat' dir='ltr'><strong>a.</strong></span> <span class='ocrx_word' id='word_1_116' title='bbox 604 1612 769 1676; x_wconf 77' lang='lat'>1842</span> <span class='ocrx_word' id='word_1_117' title='bbox 814 1612 959 1676; x_wconf 84' lang='lat' dir='ltr'><strong>edit.</strong></span> <span class='ocrx_word' id='word_1_118' title='bbox 1001 1633 1065 1694; x_wconf 89' lang='lat' dir='ltr'><strong>p.</strong></span> <span class='ocrx_word' id='word_1_119' title='bbox 1108 1612 1209 1690; x_wconf 86' lang='grc'><strong>92,</strong></span> <span class='ocrx_word' id='word_1_120' title='bbox 1252 1614 1358 1675; x_wconf 86' lang='lat' dir='ltr'><strong>Vs.</strong></span> <span class='ocrx_word' id='word_1_121' title='bbox 1391 1610 1516 1677; x_wconf 90' lang='grc'><strong>577</strong></span> <span class='ocrx_word' id='word_1_122' title='bbox 1562 1616 1624 1673; x_wconf 87' lang='lat' dir='ltr'><strong>et</strong></span> <span class='ocrx_word' id='word_1_123' title='bbox 1665 1628 1788 1673; x_wconf 79' lang='lat' dir='ltr'><strong>una</strong></span> <span class='ocrx_word' id='word_1_124' title='bbox 1831 1628 1980 1690; x_wconf 83' lang='lat' dir='ltr'><strong>pars</strong></span> <span class='ocrx_word' id='word_1_125' title='bbox 2020 1626 2238 1672; x_wconf 84' lang='lat' dir='ltr'><strong>versus</strong></span> <span class='ocrx_word' id='word_1_126' title='bbox 2282 1608 2428 1684; x_wconf 88' lang='grc'><strong>578,</strong></span> <span class='ocrx_word' id='word_1_127' title='bbox 2474 1607 2654 1687; x_wconf 86' lang='lat' dir='ltr'><strong>equi-</strong></span> 
     </span>
     <span class='ocr_line' id='line_1_15' title="bbox 406 1710 2651 1793; baseline -0.002 -18"><span class='ocrx_word' id='word_1_128' title='bbox 406 1713 553 1776; x_wconf 81' lang='lat' dir='ltr'><strong>dem</strong></span> <span class='ocrx_word' id='word_1_129' title='bbox 606 1714 802 1779; x_wconf 88' lang='lat' dir='ltr'><strong>choro</strong></span> <span class='ocrx_word' id='word_1_130' title='bbox 860 1733 999 1779; x_wconf 85' lang='lat' dir='ltr'><strong>esse</strong></span> <span class='ocrx_word' id='word_1_131' title='bbox 1062 1716 1478 1779; x_wconf 80' lang='lat' dir='ltr'><strong>adscribenda</strong></span> <span class='ocrx_word' id='word_1_132' title='bbox 1529 1732 1782 1777; x_wconf 83' lang='lat' dir='ltr'><strong>censeo.</strong></span> <span class='ocrx_word' id='word_1_133' title='bbox 1867 1713 2150 1793; x_wconf 81' lang='lat' dir='ltr'><strong>Upupam</strong></span> <span class='ocrx_word' id='word_1_134' title='bbox 2207 1711 2372 1773; x_wconf 78' lang='lat' dir='ltr'><strong>enim</strong></span> <span class='ocrx_word' id='word_1_135' title='bbox 2433 1710 2552 1773; x_wconf 78' lang='lat' dir='ltr'><strong>hac</strong></span> <span class='ocrx_word' id='word_1_136' title='bbox 2593 1710 2651 1771; x_wconf 87' lang='lat' dir='ltr'><strong>in</strong></span> 
     </span>
     <span class='ocr_line' id='line_1_16' title="bbox 408 1812 2654 1901; baseline -0.001 -24"><span class='ocrx_word' id='word_1_137' title='bbox 408 1835 626 1892; x_wconf 89' lang='lat' dir='ltr'><strong>scena,</strong></span> <span class='ocrx_word' id='word_1_138' title='bbox 672 1840 857 1901; x_wconf 86' lang='lat' dir='ltr'><strong>quum</strong></span> <span class='ocrx_word' id='word_1_139' title='bbox 902 1818 981 1881; x_wconf 85' lang='lat' dir='ltr'><strong>de</strong></span> <span class='ocrx_word' id='word_1_140' title='bbox 1024 1820 1241 1882; x_wconf 85' lang='lat' dir='ltr'><strong>avibus</strong></span> <span class='ocrx_word' id='word_1_141' title='bbox 1302 1818 1366 1880; x_wconf 84' lang='lat' dir='ltr'><strong>in</strong></span> <span class='ocrx_word' id='word_1_142' title='bbox 1421 1819 1772 1881; x_wconf 80' lang='lat' dir='ltr'><strong>universum</strong></span> <span class='ocrx_word' id='word_1_143' title='bbox 1831 1812 1936 1879; x_wconf 78' lang='lat' dir='ltr'><strong>vel</strong></span> <span class='ocrx_word' id='word_1_144' title='bbox 1988 1813 2070 1876; x_wconf 84' lang='lat' dir='ltr'><strong>de</strong></span> <span class='ocrx_word' id='word_1_145' title='bbox 2113 1814 2314 1879; x_wconf 82' lang='lat' dir='ltr'><strong>choro</strong></span> <span class='ocrx_word' id='word_1_146' title='bbox 2370 1812 2654 1894; x_wconf 78' lang='lat' dir='ltr'><strong>loquitur,</strong></span> 
     </span>
     <span class='ocr_line' id='line_1_17' title="bbox 406 1915 2654 2003; baseline -0.002 -22"><span class='ocrx_word' id='word_1_147' title='bbox 406 1920 607 1998; x_wconf 78' lang='lat' dir='ltr'><strong>prima</strong></span> <span class='ocrx_word' id='word_1_148' title='bbox 652 1922 741 1983; x_wconf 87' lang='lat' dir='ltr'><strong>uti</strong></span> <span class='ocrx_word' id='word_1_149' title='bbox 784 1938 1091 2002; x_wconf 82' lang='lat' dir='ltr'><strong>persona,</strong></span> <span class='ocrx_word' id='word_1_150' title='bbox 1142 1923 1307 2003; x_wconf 80' lang='lat' dir='ltr'><strong>jam,</strong></span> <span class='ocrx_word' id='word_1_151' title='bbox 1352 1921 1692 1983; x_wconf 84' lang='lat' dir='ltr'><strong>secundum</strong></span> <span class='ocrx_word' id='word_1_152' title='bbox 1733 1937 1810 1981; x_wconf 85' lang='lat' dir='ltr'><strong>ea</strong></span> <span class='ocrx_word' id='word_1_153' title='bbox 1831 1967 1847 1996; x_wconf 90' lang='lat'><strong>,</strong></span> <span class='ocrx_word' id='word_1_154' title='bbox 1892 1932 2052 1998; x_wconf 75' lang='lat' dir='ltr'><strong>quae</strong></span> <span class='ocrx_word' id='word_1_155' title='bbox 2094 1915 2539 1999; x_wconf 79' lang='lat' dir='ltr'><strong>disputavimus</strong></span> <span class='ocrx_word' id='word_1_156' title='bbox 2583 1917 2654 1977; x_wconf 86' lang='lat' dir='ltr'><strong>de</strong></span> 
     </span>
     <span class='ocr_line' id='line_1_18' title="bbox 407 2018 2653 2099; baseline -0.001 -17"><span class='ocrx_word' id='word_1_157' title='bbox 407 2020 514 2083; x_wconf 89' lang='lat' dir='ltr'><strong>Vs.</strong></span> <span class='ocrx_word' id='word_1_158' title='bbox 551 2024 696 2098; x_wconf 82' lang='lat'><strong>597,</strong></span> <span class='ocrx_word' id='word_1_159' title='bbox 760 2023 943 2085; x_wconf 85' lang='lat' dir='ltr'><strong>etiam</strong></span> <span class='ocrx_word' id='word_1_160' title='bbox 1002 2021 1203 2083; x_wconf 87' lang='lat' dir='ltr'><strong>minus</strong></span> <span class='ocrx_word' id='word_1_161' title='bbox 1269 2021 1570 2084; x_wconf 78' lang='lat' dir='ltr'><strong>credibile</strong></span> <span class='ocrx_word' id='word_1_162' title='bbox 1631 2030 1742 2084; x_wconf 86' lang='lat' dir='ltr'><strong>est.</strong></span> <span class='ocrx_word' id='word_1_163' title='bbox 1848 2020 2081 2095; x_wconf 86' lang='lat' dir='ltr'><strong>Porro,</strong></span> <span class='ocrx_word' id='word_1_164' title='bbox 2147 2038 2228 2079; x_wconf 87' lang='lat' dir='ltr'><strong>ne</strong></span> <span class='ocrx_word' id='word_1_165' title='bbox 2286 2019 2420 2099; x_wconf 85' lang='lat' dir='ltr'><strong>quis</strong></span> <span class='ocrx_word' id='word_1_166' title='bbox 2481 2018 2653 2081; x_wconf 88' lang='lat' dir='ltr'><strong>nobis</strong></span> 
     </span>
     <span class='ocr_line' id='line_1_19' title="bbox 410 2122 1722 2207; baseline 0 -21"><span class='ocrx_word' id='word_1_167' title='bbox 410 2122 705 2207; x_wconf 84' lang='lat' dir='ltr'><strong>objiciat,</strong></span> <span class='ocrx_word' id='word_1_168' title='bbox 748 2123 1113 2205; x_wconf 86' lang='lat' dir='ltr'><strong>Euelpidem</strong></span> <span class='ocrx_word' id='word_1_169' title='bbox 1154 2131 1363 2186; x_wconf 78' lang='lat' dir='ltr'><strong>tamen</strong></span> <span class='ocrx_word' id='word_1_170' title='bbox 1422 2123 1522 2186; x_wconf 87' lang='lat' dir='ltr'><strong>Vs</strong></span> <span class='ocrx_word' id='word_1_171' title='bbox 1567 2123 1722 2186; x_wconf 81' lang='lat'>598:</span> 
     </span>
    </p>
   </div>
   <div class='ocr_carea' id='block_1_3' title="bbox 407 2221 2728 4367">
    <p class='ocr_par' dir='ltr' id='par_1_6' title="bbox 573 2221 2656 2411">
     <span class='ocr_line' id='line_1_20' title="bbox 573 2221 2656 2349; baseline -0 -57"><span class='ocrx_word' id='word_1_172' title='bbox 573 2228 827 2310; x_wconf 70' lang='grc' dir='ltr'><strong><em>γαῦλον</em></strong></span> <span class='ocrx_word' id='word_1_173' title='bbox 869 2226 1123 2310; x_wconf 79' lang='grc' dir='ltr'><strong><em>κτῶμαι</em></strong></span> <span class='ocrx_word' id='word_1_174' title='bbox 1188 2228 1297 2294; x_wconf 70' lang='grc' dir='ltr'><strong>καὶ</strong></span> <span class='ocrx_word' id='word_1_175' title='bbox 1336 2227 1712 2311; x_wconf 69' lang='grc' dir='ltr'><strong>ναυκληρῶ,</strong></span> <span class='ocrx_word' id='word_1_176' title='bbox 1777 2240 1940 2293; x_wconf 62' lang='grc' dir='ltr'><strong>που»</strong></span> <span class='ocrx_word' id='word_1_177' title='bbox 1991 2221 2078 2293; x_wconf 72' lang='grc' dir='ltr'><strong>ἂν</strong></span> <span class='ocrx_word' id='word_1_178' title='bbox 2122 2227 2430 2349; x_wconf 52' lang='grc' dir='ltr'><strong>μείναιμι</strong></span> <span class='ocrx_word' id='word_1_179' title='bbox 2477 2222 2656 2310; x_wconf 69' lang='lat' dir='ltr'><strong>&#39;’nap</strong></span> 
     </span>
     <span class='ocr_line' id='line_1_21' title="bbox 2183 2326 2414 2411; baseline -0.013 -14"><span class='ocrx_word' id='word_1_180' title='bbox 2183 2326 2333 2411; x_wconf 59' lang='lat'><strong>1510!</strong></span> <span class='ocrx_word' id='word_1_181' title='bbox 2350 2352 2414 2407; x_wconf 61' lang='lat' dir='ltr'><strong>V,</strong></span> 
     </span>
    </p>

    <p class='ocr_par' dir='ltr' id='par_1_7' title="bbox 407 2408 2728 2720">
     <span class='ocr_line' id='line_1_22' title="bbox 407 2408 2728 2519; baseline 0 -23"><span class='ocrx_word' id='word_1_182' title='bbox 407 2435 496 2498; x_wconf 83' lang='lat' dir='ltr'><strong>ita</strong></span> <span class='ocrx_word' id='word_1_183' title='bbox 538 2433 977 2510; x_wconf 81' lang='lat' dir='ltr'><strong>sermocinari,</strong></span> <span class='ocrx_word' id='word_1_184' title='bbox 1043 2441 1111 2497; x_wconf 92' lang='lat' dir='ltr'><strong>ut</strong></span> <span class='ocrx_word' id='word_1_185' title='bbox 1162 2435 1448 2515; x_wconf 83' lang='lat' dir='ltr'><strong>Upupam</strong></span> <span class='ocrx_word' id='word_1_186' title='bbox 1507 2440 1570 2495; x_wconf 88' lang='lat' dir='ltr'><strong>et</strong></span> <span class='ocrx_word' id='word_1_187' title='bbox 1627 2432 1888 2495; x_wconf 78' lang='lat' dir='ltr'><strong>chorum</strong></span> <span class='ocrx_word' id='word_1_188' title='bbox 1946 2434 2008 2496; x_wconf 82' lang='lat' dir='ltr'><strong>in</strong></span> <span class='ocrx_word' id='word_1_189' title='bbox 2067 2454 2254 2497; x_wconf 84' lang='lat' dir='ltr'><strong>unum</strong></span> <span class='ocrx_word' id='word_1_190' title='bbox 2310 2436 2655 2519; x_wconf 81' lang='lat' dir='ltr'><strong>conjungat,</strong></span> <span class='ocrx_word' id='word_1_191' title='bbox 2725 2408 2728 2510; x_wconf 55' lang='lat' dir='ltr'>l</span> 
     </span>
     <span class='ocr_line' id='line_1_23' title="bbox 408 2530 2725 2621; baseline 0 -21"><span class='ocrx_word' id='word_1_192' title='bbox 408 2554 677 2616; x_wconf 87' lang='lat' dir='ltr'><strong>moneo,</strong></span> <span class='ocrx_word' id='word_1_193' title='bbox 738 2536 896 2602; x_wconf 80' lang='lat' dir='ltr'><strong>illud</strong></span> <span class='ocrx_word' id='word_1_194' title='bbox 954 2530 1127 2618; x_wconf 67' lang='grc' dir='ltr'><strong>ὑμῖν</strong></span> <span class='ocrx_word' id='word_1_195' title='bbox 1169 2540 1402 2621; x_wconf 84' lang='lat' dir='ltr'><strong>optime</strong></span> <span class='ocrx_word' id='word_1_196' title='bbox 1448 2538 1530 2601; x_wconf 84' lang='lat' dir='ltr'><strong>ad</strong></span> <span class='ocrx_word' id='word_1_197' title='bbox 1588 2537 1872 2619; x_wconf 84' lang='lat' dir='ltr'><strong>Upupam</strong></span> <span class='ocrx_word' id='word_1_198' title='bbox 1937 2546 2002 2600; x_wconf 83' lang='lat' dir='ltr'><strong>et</strong></span> <span class='ocrx_word' id='word_1_199' title='bbox 2061 2540 2516 2603; x_wconf 73' lang='lat' dir='ltr'><strong>Pisthetaerum</strong></span> <span class='ocrx_word' id='word_1_200' title='bbox 2554 2558 2655 2601; x_wconf 84' lang='lat' dir='ltr'><strong>re-</strong></span> <span class='ocrx_word' id='word_1_201' title='bbox 2723 2544 2725 2551; x_wconf 85' lang='lat'>&#39;</span> 
     </span>
     <span class='ocr_line' id='line_1_24' title="bbox 408 2640 2725 2720; baseline 0 -19"><span class='ocrx_word' id='word_1_202' title='bbox 408 2641 557 2702; x_wconf 82' lang='lat' dir='ltr'><strong>ferri</strong></span> <span class='ocrx_word' id='word_1_203' title='bbox 600 2659 813 2720; x_wconf 87' lang='lat' dir='ltr'><strong>posse,</strong></span> <span class='ocrx_word' id='word_1_204' title='bbox 858 2646 923 2701; x_wconf 80' lang='lat' dir='ltr'><strong>et</strong></span> <span class='ocrx_word' id='word_1_205' title='bbox 961 2640 1069 2701; x_wconf 76' lang='lat' dir='ltr'><strong>Vs·</strong></span> <span class='ocrx_word' id='word_1_206' title='bbox 1106 2640 1261 2703; x_wconf 76' lang='lat'>6102</span> <span class='ocrx_word' id='word_1_207' title='bbox 2724 2664 2725 2673; x_wconf 51' lang='lat'>¹</span> 
     </span>
    </p>

    <p class='ocr_par' dir='ltr' id='par_1_8' title="bbox 582 2682 2725 2830">
     <span class='ocr_line' id='line_1_25' title="bbox 582 2682 2725 2830; baseline 0.001 -24"><span class='ocrx_word' id='word_1_208' title='bbox 582 2744 802 2825; x_wconf 74' lang='grc' dir='ltr'><strong>αἰβοῖ,</strong></span> <span class='ocrx_word' id='word_1_209' title='bbox 888 2734 975 2814; x_wconf 72' lang='lat' dir='ltr'><strong>uio</strong></span> <span class='ocrx_word' id='word_1_210' title='bbox 1050 2742 1273 2830; x_wconf 71' lang='grc' dir='ltr'><strong><em>πολλῷ</em></strong></span> <span class='ocrx_word' id='word_1_211' title='bbox 1350 2742 1682 2825; x_wconf 59' lang='grc' dir='ltr'><strong><em>κρείττους</em></strong></span> <span class='ocrx_word' id='word_1_212' title='bbox 1765 2732 1996 2810; x_wconf 67' lang='grc' dir='ltr'><strong><em>οὗτοι</em></strong></span> <span class='ocrx_word' id='word_1_213' title='bbox 2087 2744 2212 2809; x_wconf 72' lang='grc' dir='ltr'><strong>τοῦ</strong></span> <span class='ocrx_word' id='word_1_214' title='bbox 2289 2738 2445 2817; x_wconf 76' lang='grc' dir='ltr'><strong>Διὸς</strong></span> <span class='ocrx_word' id='word_1_215' title='bbox 2507 2738 2660 2826; x_wconf 71' lang='grc' dir='ltr'><strong>ἡμῖν</strong></span> <span class='ocrx_word' id='word_1_216' title='bbox 2723 2682 2725 2782; x_wconf 55' lang='lat'><strong>⁴</strong></span> 
     </span>
    </p>

    <p class='ocr_par' dir='ltr' id='par_1_9' title="bbox 2011 2837 2420 2928">
     <span class='ocr_line' id='line_1_26' title="bbox 2011 2837 2420 2928; baseline 0 -17"><span class='ocrx_word' id='word_1_217' title='bbox 2011 2837 2420 2928; x_wconf 64' lang='grc' dir='ltr'><strong>βασιλεύειν,</strong></span> 
     </span>
    </p>

    <p class='ocr_par' dir='ltr' id='par_1_10' title="bbox 410 2946 2723 4367">
     <span class='ocr_line' id='line_1_27' title="bbox 410 2946 2723 3052; baseline 0 -43"><span class='ocrx_word' id='word_1_218' title='bbox 410 2946 777 3029; x_wconf 84' lang='lat' dir='ltr'><strong>Euelpidem</strong></span> <span class='ocrx_word' id='word_1_219' title='bbox 822 2946 999 3011; x_wconf 78' lang='lat' dir='ltr'><strong>solas</strong></span> <span class='ocrx_word' id='word_1_220' title='bbox 1050 2947 1259 3011; x_wconf 85' lang='lat' dir='ltr'><strong>dicere</strong></span> <span class='ocrx_word' id='word_1_221' title='bbox 1301 2949 1501 3014; x_wconf 85' lang='lat' dir='ltr'><strong>videri</strong></span> <span class='ocrx_word' id='word_1_222' title='bbox 1573 2968 1752 3025; x_wconf 86' lang='lat' dir='ltr'><strong>aves,</strong></span> <span class='ocrx_word' id='word_1_223' title='bbox 1817 2968 1896 3011; x_wconf 82' lang='lat' dir='ltr'><strong>ex</strong></span> <span class='ocrx_word' id='word_1_224' title='bbox 1956 2950 2178 3031; x_wconf 88' lang='lat' dir='ltr'><strong>quibus</strong></span> <span class='ocrx_word' id='word_1_225' title='bbox 2223 2950 2456 3012; x_wconf 84' lang='lat' dir='ltr'><strong>chorus</strong></span> <span class='ocrx_word' id='word_1_226' title='bbox 2513 2966 2661 3009; x_wconf 84' lang='lat' dir='ltr'><strong>con-</strong></span> <span class='ocrx_word' id='word_1_227' title='bbox 2722 2968 2723 3052; x_wconf 37' lang='grc' dir='ltr'>ἢ</span> 
     </span>
     <span class='ocr_line' id='line_1_28' title="bbox 410 3047 2660 3133; baseline -0.002 -20"><span class='ocrx_word' id='word_1_228' title='bbox 410 3058 551 3125; x_wconf 82' lang='lat' dir='ltr'><strong>stat,</strong></span> <span class='ocrx_word' id='word_1_229' title='bbox 596 3058 663 3113; x_wconf 88' lang='lat' dir='ltr'><strong>ut</strong></span> <span class='ocrx_word' id='word_1_230' title='bbox 702 3048 983 3132; x_wconf 86' lang='lat' dir='ltr'><strong>Upupam</strong></span> <span class='ocrx_word' id='word_1_231' title='bbox 1024 3049 1125 3112; x_wconf 85' lang='lat' dir='ltr'><strong>his</strong></span> <span class='ocrx_word' id='word_1_232' title='bbox 1167 3070 1295 3113; x_wconf 84' lang='lat' dir='ltr'><strong>non</strong></span> <span class='ocrx_word' id='word_1_233' title='bbox 1336 3051 1707 3128; x_wconf 81' lang='lat' dir='ltr'><strong>immisceat,</strong></span> <span class='ocrx_word' id='word_1_234' title='bbox 1751 3069 1951 3132; x_wconf 83' lang='lat' dir='ltr'><strong>aequ-e</strong></span> <span class='ocrx_word' id='word_1_235' title='bbox 1993 3057 2180 3133; x_wconf 81' lang='lat' dir='ltr'><strong>atque</strong></span> <span class='ocrx_word' id='word_1_236' title='bbox 2220 3047 2660 3115; x_wconf 80' lang='lat' dir='ltr'><strong>Pisthetaerum</strong></span> 
     </span>
     <span class='ocr_line' id='line_1_29' title="bbox 415 3150 2660 3235; baseline -0 -23"><span class='ocrx_word' id='word_1_237' title='bbox 415 3150 631 3212; x_wconf 79' lang='lat' dir='ltr'><strong>facere</strong></span> <span class='ocrx_word' id='word_1_238' title='bbox 690 3150 1059 3214; x_wconf 84' lang='lat' dir='ltr'><strong>monuimus.</strong></span> <span class='ocrx_word' id='word_1_239' title='bbox 1145 3154 1428 3235; x_wconf 85' lang='lat' dir='ltr'><strong>Denique</strong></span> <span class='ocrx_word' id='word_1_240' title='bbox 1483 3155 1704 3235; x_wconf 84' lang='lat' dir='ltr'><strong>quovis</strong></span> <span class='ocrx_word' id='word_1_241' title='bbox 1767 3153 2030 3235; x_wconf 86' lang='lat' dir='ltr'><strong>pignore</strong></span> <span class='ocrx_word' id='word_1_242' title='bbox 2075 3154 2522 3228; x_wconf 82' lang='lat' dir='ltr'><strong>contenderim,</strong></span> <span class='ocrx_word' id='word_1_243' title='bbox 2563 3153 2660 3213; x_wconf 85' lang='lat' dir='ltr'><strong>Vs·</strong></span> 
     </span>
     <span class='ocr_line' id='line_1_30' title="bbox 412 3242 2721 3339; baseline 0 -24"><span class='ocrx_word' id='word_1_244' title='bbox 412 3252 534 3315; x_wconf 82' lang='lat'><strong>591</strong></span> <span class='ocrx_word' id='word_1_245' title='bbox 562 3301 577 3329; x_wconf 93' lang='lat'><strong><em>‚</em></strong></span> <span class='ocrx_word' id='word_1_246' title='bbox 646 3251 887 3315; x_wconf 77' lang='lat' dir='ltr'><strong>etiamsi</strong></span> <span class='ocrx_word' id='word_1_247' title='bbox 930 3253 987 3315; x_wconf 81' lang='lat' dir='ltr'><strong>is</strong></span> <span class='ocrx_word' id='word_1_248' title='bbox 1028 3272 1155 3316; x_wconf 88' lang='lat' dir='ltr'><strong>non</strong></span> <span class='ocrx_word' id='word_1_249' title='bbox 1210 3256 1289 3318; x_wconf 88' lang='lat' dir='ltr'><strong>sit</strong></span> <span class='ocrx_word' id='word_1_250' title='bbox 1330 3257 1414 3318; x_wconf 88' lang='lat' dir='ltr'><strong>ad</strong></span> <span class='ocrx_word' id='word_1_251' title='bbox 1469 3263 1762 3338; x_wconf 75' lang='lat' dir='ltr'><strong>quattuor</strong></span> <span class='ocrx_word' id='word_1_252' title='bbox 1803 3256 2078 3319; x_wconf 80' lang='lat' dir='ltr'><strong>diversas</strong></span> <span class='ocrx_word' id='word_1_253' title='bbox 2121 3274 2432 3339; x_wconf 76' lang='lat' dir='ltr'><strong>personas</strong></span> <span class='ocrx_word' id='word_1_254' title='bbox 2475 3272 2658 3338; x_wconf 78' lang='lat' dir='ltr'><strong>prae-</strong></span> <span class='ocrx_word' id='word_1_255' title='bbox 2720 3242 2721 3324; x_wconf 62' lang='grc' dir='ltr'>Ῑ</span> 
     </span>
     <span class='ocr_line' id='line_1_31' title="bbox 412 3355 2660 3441; baseline 0 -25"><span class='ocrx_word' id='word_1_256' title='bbox 412 3363 617 3419; x_wconf 84' lang='lat' dir='ltr'><strong>sentes</strong></span> <span class='ocrx_word' id='word_1_257' title='bbox 678 3355 979 3434; x_wconf 86' lang='lat' dir='ltr'><strong>directus,</strong></span> <span class='ocrx_word' id='word_1_258' title='bbox 1046 3358 1325 3438; x_wconf 88' lang='lat' dir='ltr'><strong>Upupam</strong></span> <span class='ocrx_word' id='word_1_259' title='bbox 1386 3378 1515 3421; x_wconf 83' lang='lat' dir='ltr'><strong>non</strong></span> <span class='ocrx_word' id='word_1_260' title='bbox 1577 3376 1768 3439; x_wconf 86' lang='lat' dir='ltr'><strong>posse</strong></span> <span class='ocrx_word' id='word_1_261' title='bbox 1831 3376 1970 3419; x_wconf 88' lang='lat' dir='ltr'><strong>esse</strong></span> <span class='ocrx_word' id='word_1_262' title='bbox 2021 3359 2440 3441; x_wconf 74' lang='lat' dir='ltr'><strong>appellatam3</strong></span> <span class='ocrx_word' id='word_1_263' title='bbox 2501 3357 2660 3438; x_wconf 80' lang='lat' dir='ltr'><strong>atqui</strong></span> 
     </span>
     <span class='ocr_line' id='line_1_32' title="bbox 418 3458 2656 3539; baseline 0 -20"><span class='ocrx_word' id='word_1_264' title='bbox 418 3458 571 3520; x_wconf 86' lang='lat' dir='ltr'><strong>mire</strong></span> <span class='ocrx_word' id='word_1_265' title='bbox 618 3466 785 3523; x_wconf 86' lang='lat' dir='ltr'><strong>esset</strong></span> <span class='ocrx_word' id='word_1_266' title='bbox 824 3459 933 3519; x_wconf 79' lang='lat' dir='ltr'><strong>ille</strong></span> <span class='ocrx_word' id='word_1_267' title='bbox 994 3480 1213 3523; x_wconf 81' lang='lat' dir='ltr'><strong>versus</strong></span> <span class='ocrx_word' id='word_1_268' title='bbox 1258 3462 1466 3524; x_wconf 86' lang='lat' dir='ltr'><strong>subito</strong></span> <span class='ocrx_word' id='word_1_269' title='bbox 1512 3463 1597 3526; x_wconf 86' lang='lat' dir='ltr'><strong>ad</strong></span> <span class='ocrx_word' id='word_1_270' title='bbox 1639 3462 1897 3525; x_wconf 88' lang='lat' dir='ltr'><strong>chorum</strong></span> <span class='ocrx_word' id='word_1_271' title='bbox 1947 3462 2249 3539; x_wconf 77' lang='lat' dir='ltr'><strong>directuS,</strong></span> <span class='ocrx_word' id='word_1_272' title='bbox 2321 3462 2377 3525; x_wconf 92' lang='lat' dir='ltr'><strong>si</strong></span> <span class='ocrx_word' id='word_1_273' title='bbox 2418 3460 2656 3525; x_wconf 77' lang='lat' dir='ltr'><strong>Pisthe-</strong></span> 
     </span>
     <span class='ocr_line' id='line_1_33' title="bbox 420 3564 2657 3648; baseline 0.002 -27"><span class='ocrx_word' id='word_1_274' title='bbox 420 3569 623 3623; x_wconf 83' lang='lat' dir='ltr'><strong>taerus</strong></span> <span class='ocrx_word' id='word_1_275' title='bbox 657 3570 716 3624; x_wconf 86' lang='lat' dir='ltr'><strong>et</strong></span> <span class='ocrx_word' id='word_1_276' title='bbox 747 3570 891 3625; x_wconf 84' lang='lat' dir='ltr'><strong>ante</strong></span> <span class='ocrx_word' id='word_1_277' title='bbox 918 3570 981 3625; x_wconf 86' lang='lat' dir='ltr'><strong>ct</strong></span> <span class='ocrx_word' id='word_1_278' title='bbox 1015 3571 1162 3645; x_wconf 89' lang='lat' dir='ltr'><strong>post</strong></span> <span class='ocrx_word' id='word_1_279' title='bbox 1189 3582 1544 3626; x_wconf 87' lang='lat' dir='ltr'><strong>sermonem</strong></span> <span class='ocrx_word' id='word_1_280' title='bbox 1580 3564 1904 3627; x_wconf 82' lang='lat' dir='ltr'><strong>habuisset</strong></span> <span class='ocrx_word' id='word_1_281' title='bbox 1937 3584 2076 3627; x_wconf 86' lang='lat' dir='ltr'><strong>cum</strong></span> <span class='ocrx_word' id='word_1_282' title='bbox 2117 3566 2356 3648; x_wconf 83' lang='lat' dir='ltr'><strong>Upupa.</strong></span> <span class='ocrx_word' id='word_1_283' title='bbox 2425 3565 2657 3639; x_wconf 84' lang='lat' dir='ltr'><strong>Quam-</strong></span> 
     </span>
     <span class='ocr_line' id='line_1_34' title="bbox 418 3664 2655 3751; baseline 0 -27"><span class='ocrx_word' id='word_1_284' title='bbox 418 3682 605 3745; x_wconf 86' lang='lat' dir='ltr'><strong>quam</strong></span> <span class='ocrx_word' id='word_1_285' title='bbox 646 3684 777 3727; x_wconf 87' lang='lat' dir='ltr'><strong>non</strong></span> <span class='ocrx_word' id='word_1_286' title='bbox 820 3686 981 3747; x_wconf 84' lang='lat' dir='ltr'><strong>nego</strong></span> <span class='ocrx_word' id='word_1_287' title='bbox 1021 3675 1168 3751; x_wconf 78' lang='lat' dir='ltr'><strong>post</strong></span> <span class='ocrx_word' id='word_1_288' title='bbox 1208 3667 1410 3748; x_wconf 87' lang='lat' dir='ltr'><strong>ipsum</strong></span> <span class='ocrx_word' id='word_1_289' title='bbox 1451 3665 1626 3730; x_wconf 81' lang='lat' dir='ltr'><strong>illum</strong></span> <span class='ocrx_word' id='word_1_290' title='bbox 1669 3666 1876 3731; x_wconf 86' lang='lat' dir='ltr'><strong>locum</strong></span> <span class='ocrx_word' id='word_1_291' title='bbox 1930 3687 2122 3749; x_wconf 88' lang='lat' dir='ltr'><strong>posse</strong></span> <span class='ocrx_word' id='word_1_292' title='bbox 2175 3686 2532 3731; x_wconf 80' lang='lat' dir='ltr'><strong>sermonem</strong></span> <span class='ocrx_word' id='word_1_293' title='bbox 2585 3664 2655 3725; x_wconf 86' lang='lat' dir='ltr'><strong>ab</strong></span> 
     </span>
     <span class='ocr_line' id='line_1_35' title="bbox 418 3768 2717 3868; baseline -0 -38"><span class='ocrx_word' id='word_1_294' title='bbox 418 3768 638 3850; x_wconf 87' lang='lat' dir='ltr'><strong>Upupa</strong></span> <span class='ocrx_word' id='word_1_295' title='bbox 695 3776 1047 3847; x_wconf 86' lang='lat' dir='ltr'><strong>susceptum</strong></span> <span class='ocrx_word' id='word_1_296' title='bbox 1104 3787 1271 3846; x_wconf 84' lang='lat' dir='ltr'><strong>csse,</strong></span> <span class='ocrx_word' id='word_1_297' title='bbox 1332 3770 1524 3833; x_wconf 78' lang='lat' dir='ltr'><strong>modo</strong></span> <span class='ocrx_word' id='word_1_298' title='bbox 1583 3777 1918 3846; x_wconf 80' lang='lat' dir='ltr'><strong>statuatur,</strong></span> <span class='ocrx_word' id='word_1_299' title='bbox 1977 3777 2176 3835; x_wconf 76' lang='lat' dir='ltr'><strong>antea</strong></span> <span class='ocrx_word' id='word_1_300' title='bbox 2221 3772 2488 3835; x_wconf 74' lang='lat' dir='ltr'><strong>chorum</strong></span> <span class='ocrx_word' id='word_1_301' title='bbox 2529 3786 2656 3833; x_wconf 88' lang='lat' dir='ltr'><strong>ser-</strong></span> <span class='ocrx_word' id='word_1_302' title='bbox 2716 3784 2717 3868; x_wconf 33' lang='grc' dir='ltr'><strong>χ</strong></span> 
     </span>
     <span class='ocr_line' id='line_1_36' title="bbox 420 3870 2655 3957; baseline 0 -26"><span class='ocrx_word' id='word_1_303' title='bbox 420 3872 791 3934; x_wconf 81' lang='lat' dir='ltr'><strong>mocinatum</strong></span> <span class='ocrx_word' id='word_1_304' title='bbox 826 3886 995 3947; x_wconf 83' lang='lat' dir='ltr'><strong>esse;</strong></span> <span class='ocrx_word' id='word_1_305' title='bbox 1030 3871 1179 3951; x_wconf 86' lang='lat' dir='ltr'><strong>quin</strong></span> <span class='ocrx_word' id='word_1_306' title='bbox 1208 3890 1456 3949; x_wconf 89' lang='lat' dir='ltr'><strong>censeo,</strong></span> <span class='ocrx_word' id='word_1_307' title='bbox 1493 3880 1562 3936; x_wconf 89' lang='lat' dir='ltr'><strong>ut</strong></span> <span class='ocrx_word' id='word_1_308' title='bbox 1577 3875 1708 3957; x_wconf 82' lang='lat' dir='ltr'><strong>jam</strong></span> <span class='ocrx_word' id='word_1_309' title='bbox 1735 3871 2094 3955; x_wconf 79' lang='lat' dir='ltr'><strong>significavi,</strong></span> <span class='ocrx_word' id='word_1_310' title='bbox 2133 3874 2390 3937; x_wconf 82' lang='lat' dir='ltr'><strong>alteram</strong></span> <span class='ocrx_word' id='word_1_311' title='bbox 2420 3876 2527 3937; x_wconf 89' lang='lat' dir='ltr'><strong>Vs.</strong></span> <span class='ocrx_word' id='word_1_312' title='bbox 2543 3870 2655 3935; x_wconf 87' lang='lat'><strong>592</strong></span> 
     </span>
     <span class='ocr_line' id='line_1_37' title="bbox 418 3973 2656 4058; baseline 0 -24"><span class='ocrx_word' id='word_1_313' title='bbox 418 3980 659 4053; x_wconf 86' lang='lat' dir='ltr'><strong>partem</strong></span> <span class='ocrx_word' id='word_1_314' title='bbox 680 3973 1069 4055; x_wconf 65' lang='lat' dir='ltr'><strong>probabilius</strong></span> <span class='ocrx_word' id='word_1_315' title='bbox 1094 3976 1386 4040; x_wconf 82' lang='lat' dir='ltr'><strong>tributum</strong></span> <span class='ocrx_word' id='word_1_316' title='bbox 1417 3977 1494 4039; x_wconf 90' lang='lat' dir='ltr'><strong>iri</strong></span> <span class='ocrx_word' id='word_1_317' title='bbox 1514 3978 1772 4058; x_wconf 78' lang='lat' dir='ltr'><strong>Upupae</strong></span> <span class='ocrx_word' id='word_1_318' title='bbox 1806 3995 1990 4058; x_wconf 82' lang='lat' dir='ltr'><strong>quam</strong></span> <span class='ocrx_word' id='word_1_319' title='bbox 2017 3978 2234 4041; x_wconf 85' lang='lat' dir='ltr'><strong>choro.</strong></span> <span class='ocrx_word' id='word_1_320' title='bbox 2277 3978 2488 4053; x_wconf 86' lang='lat' dir='ltr'><strong>Quum</strong></span> <span class='ocrx_word' id='word_1_321' title='bbox 2507 3976 2656 4039; x_wconf 86' lang='lat' dir='ltr'><strong>enim</strong></span> 
     </span>
     <span class='ocr_line' id='line_1_38' title="bbox 420 4077 2715 4162; baseline 0.001 -25"><span class='ocrx_word' id='word_1_322' title='bbox 420 4081 657 4137; x_wconf 86' lang='lat' dir='ltr'><strong>certum</strong></span> <span class='ocrx_word' id='word_1_323' title='bbox 700 4077 807 4154; x_wconf 80' lang='lat' dir='ltr'><strong>sit,</strong></span> <span class='ocrx_word' id='word_1_324' title='bbox 872 4080 1151 4161; x_wconf 79' lang='lat' dir='ltr'><strong>Upupam</strong></span> <span class='ocrx_word' id='word_1_325' title='bbox 1194 4079 1406 4143; x_wconf 84' lang='lat' dir='ltr'><strong>dicere</strong></span> <span class='ocrx_word' id='word_1_326' title='bbox 1443 4078 1592 4141; x_wconf 77' lang='lat' dir='ltr'><strong>inde</strong></span> <span class='ocrx_word' id='word_1_327' title='bbox 1648 4097 1685 4139; x_wconf 85' lang='lat' dir='ltr'><strong>a</strong></span> <span class='ocrx_word' id='word_1_328' title='bbox 1728 4080 1833 4141; x_wconf 84' lang='lat' dir='ltr'><strong>Vs.</strong></span> <span class='ocrx_word' id='word_1_329' title='bbox 1875 4080 2030 4156; x_wconf 87' lang='grc'><strong>597,</strong></span> <span class='ocrx_word' id='word_1_330' title='bbox 2087 4100 2216 4143; x_wconf 82' lang='lat' dir='ltr'><strong>non</strong></span> <span class='ocrx_word' id='word_1_331' title='bbox 2258 4088 2469 4162; x_wconf 81' lang='lat' dir='ltr'><strong>potest</strong></span> <span class='ocrx_word' id='word_1_332' title='bbox 2511 4082 2657 4141; x_wconf 76' lang='lat' dir='ltr'><strong>bene</strong></span> <span class='ocrx_word' id='word_1_333' title='bbox 2714 4088 2715 4140; x_wconf 55' lang='lat'>1</span> 
     </span>
     <span class='ocr_line' id='line_1_39' title="bbox 422 4177 2713 4273; baseline 0 -34"><span class='ocrx_word' id='word_1_334' title='bbox 422 4177 558 4239; x_wconf 86' lang='lat' dir='ltr'><strong>fieri</strong></span> <span class='ocrx_word' id='word_1_335' title='bbox 580 4225 596 4252; x_wconf 90' lang='lat'><strong>,</strong></span> <span class='ocrx_word' id='word_1_336' title='bbox 657 4186 725 4241; x_wconf 91' lang='lat' dir='ltr'><strong>ut</strong></span> <span class='ocrx_word' id='word_1_337' title='bbox 786 4197 861 4243; x_wconf 83' lang='lat' dir='ltr'><strong>ea</strong></span> <span class='ocrx_word' id='word_1_338' title='bbox 916 4202 1041 4245; x_wconf 87' lang='lat' dir='ltr'><strong>non</strong></span> <span class='ocrx_word' id='word_1_339' title='bbox 1080 4185 1211 4266; x_wconf 81' lang='lat' dir='ltr'><strong>jam</strong></span> <span class='ocrx_word' id='word_1_340' title='bbox 1270 4204 1351 4247; x_wconf 88' lang='lat' dir='ltr'><strong>eo</strong></span> <span class='ocrx_word' id='word_1_341' title='bbox 1393 4184 1541 4245; x_wconf 88' lang='lat' dir='ltr'><strong>loco</strong></span> <span class='ocrx_word' id='word_1_342' title='bbox 1599 4181 1809 4244; x_wconf 86' lang='lat' dir='ltr'><strong>dicere</strong></span> <span class='ocrx_word' id='word_1_343' title='bbox 1863 4183 2186 4265; x_wconf 85' lang='lat' dir='ltr'><strong>inceperit,</strong></span> <span class='ocrx_word' id='word_1_344' title='bbox 2231 4204 2358 4265; x_wconf 85' lang='lat' dir='ltr'><strong>quo</strong></span> <span class='ocrx_word' id='word_1_345' title='bbox 2403 4185 2658 4265; x_wconf 77' lang='lat' dir='ltr'><strong>primum</strong></span> <span class='ocrx_word' id='word_1_346' title='bbox 2711 4258 2713 4273; x_wconf 40' lang='grc' dir='ltr'>Ι</span> 
     </span>
     <span class='ocr_line' id='line_1_40' title="bbox 428 4274 2713 4367; baseline 0.007 -27"><span class='ocrx_word' id='word_1_347' title='bbox 428 4281 627 4360; x_wconf 83' lang='lat' dir='ltr'><strong>agitur</strong></span> <span class='ocrx_word' id='word_1_348' title='bbox 683 4280 761 4341; x_wconf 88' lang='lat' dir='ltr'><strong>de</strong></span> <span class='ocrx_word' id='word_1_349' title='bbox 816 4301 891 4343; x_wconf 85' lang='lat' dir='ltr'><strong>ea</strong></span> <span class='ocrx_word' id='word_1_350' title='bbox 943 4302 1038 4359; x_wconf 89' lang='lat' dir='ltr'><strong>re,</strong></span> <span class='ocrx_word' id='word_1_351' title='bbox 1096 4285 1176 4346; x_wconf 86' lang='lat' dir='ltr'><strong>ad</strong></span> <span class='ocrx_word' id='word_1_352' title='bbox 1237 4304 1424 4366; x_wconf 86' lang='lat' dir='ltr'><strong>quam</strong></span> <span class='ocrx_word' id='word_1_353' title='bbox 1489 4284 2006 4366; x_wconf 82' lang='lat' dir='ltr'><strong>interrogationes</strong></span> <span class='ocrx_word' id='word_1_354' title='bbox 2051 4287 2310 4367; x_wconf 78' lang='lat' dir='ltr'><strong>Upu&#39;pac</strong></span> <span class='ocrx_word' id='word_1_355' title='bbox 2365 4286 2656 4367; x_wconf 66' lang='lat' dir='ltr'><strong>spectant,</strong></span> <span class='ocrx_word' id='word_1_356' title='bbox 2711 4274 2713 4317; x_wconf 31' lang='grc' dir='ltr'>ἶ</span> 
     </span>
    </p>
   </div>
   <div class='ocr_carea' id='block_1_4' title="bbox 2707 4318 2716 4945">
    <p class='ocr_par' dir='ltr' id='par_1_11' title="bbox 2707 4318 2716 4945">
     <span class='ocr_line' id='line_1_41' title="bbox 2707 4318 2716 4945; baseline 0 0"><span class='ocrx_word' id='word_1_357' title='bbox 2707 4318 2716 4945; x_wconf 95' lang='lat' dir='ltr'><strong> </strong></span> 
     </span>
    </p>
   </div>
  </div>
 </body>
</html>
