2759 5084
1032 186 1503 253 -123-

129 368 251 435 tur,
293 358 397 421 hic
440 376 597 420 unus
640 361 879 419 tantum
920 352 1113 420 fuisse
1154 357 1407 435 dicitur,
1467 374 1546 419 eo
1593 357 1842 435 ducunt,
1885 365 1952 419 ut
1994 356 2179 421 etiam
2219 359 2384 421 Por-

128 460 495 544 phyrionem
524 458 849 541 Gigantem
891 466 955 522 et
993 460 1263 540 proinde
1308 460 1600 542 Gigantes
1636 461 1960 523 universos
1983 459 2388 541 Aristophani

128 565 234 625 alis
278 563 615 626 instructos
678 570 867 625 notos
930 562 1123 624 fuisse
1188 562 1628 625 existimemus.
1710 562 2018 624 Probatur
2065 562 2130 623 id
2182 562 2384 643 ipsum

128 668 307 729 etiam
364 667 485 728 hac
544 664 1037 727 ratiocinatione.
1120 664 1365 727 Etenim
1423 663 1815 748 Porphyrion
1875 662 1928 724 si
1995 662 2076 725 de
2119 671 2383 727 senten-
2497 665 2502 671 '

126 771 209 833 tia
268 768 703 851 Aristophanis
762 768 1020 829 carebat
1083 766 1197 830 alis
1214 814 1231 843 ,
1318 768 1610 830 crederes
1687 764 2006 829 Comicnm
2071 766 2382 847 expressis

124 873 325 935 ven-bis
368 870 853 953 significaturum
888 868 1101 946 fuisse,
1142 870 1604 954 porphyriones
1649 884 1796 929 aves
1831 874 2064 948 quanto
2105 868 2382 950 majores

126 973 441 1037 molestias
488 974 873 1036 exhibiturae
918 978 1127 1034 essent
1177 972 1317 1035 Jovi
1377 979 1594 1052 utpote
1653 968 1768 1032 alis
1809 969 2169 1033 instructae.
2256 967 2382 1031 Sed

124 1078 247 1140 tale
292 1077 440 1159 quid
482 1089 674 1159 poeta
716 1094 919 1156 neque
970 1074 1117 1138 fecit
1160 1092 1273 1152 eo,
1338 1072 1510 1155 qnod
1563 1072 1644 1135 ad
1699 1072 1957 1135 verbum
2002 1072 2382 1156 πορφυρίω-

122 1204 244 1255 νας
308 1181 551 1245 addidit
609 1176 987 1243 vocabulum
1048 1174 1271 1259 ὄρνις,
1336 1194 1540 1260 neque
1595 1195 1746 1239 vero
1812 1181 1960 1254 post
2022 1172 2218 1236 verba
2283 1170 2382 1248 εἷς

125 1283 526 1367 Πορφυρίων
563 1282 803 1345 addidit
862 1280 1169 1363 quaedam
1212 1279 1292 1343 de
1336 1300 1442 1357 eo,
1501 1279 1672 1362 quod
1714 1277 1819 1340 hic
1857 1293 1985 1338 non
2029 1283 2191 1337 esset
2237 1277 2414 1354 ala-⁶

122 1393 241 1449 tus.
322 1387 657 1467 Postquam
682 1383 763 1446 de
796 1384 895 1448 his
920 1384 1007 1447 ita
1039 1382 1349 1469 disputavi
1387 1381 1530 1445 solo
1573 1400 1712 1447 meo
1748 1398 1896 1443 usus
1927 1378 2188 1461 judicio,
2235 1398 2380 1441 me-

120 1490 271 1551 mini
314 1491 595 1566 demum,
652 1491 785 1574 jam
841 1492 1145 1553 Ioannem
1197 1484 1534 1549 Henricum
1575 1482 1866 1547 Vossium
1927 1501 2008 1543 ex
2062 1481 2188 1544 hoc
2231 1481 2376 1545 loco

122 1595 544 1677 conjecturam
576 1593 817 1676 cepisse
862 1592 945 1654 de
982 1590 1346 1674 Gigantibus
1391 1586 1574 1651 alatis
1611 1584 1880 1667 Epistol.
1909 1602 2142 1665 argum.
2183 1584 2378 1665 myth.

121 1699 190 1758 T.
220 1697 293 1759 11.
336 1716 399 1777 p.
430 1697 511 1759 19
570 1695 669 1757 ed.
704 1695 778 1757 11.
864 1693 991 1757 Sed
1053 1692 1105 1754 is
1169 1691 1257 1753 ita
1302 1708 1442 1751 esse
1505 1684 1832 1749 affirmavit
1883 1684 2120 1765 potius,
2194 1702 2379 1764 quam

119 1796 469 1860 rationibus
510 1796 759 1859 idoneis
804 1790 1275 1867 demonstravit3
1334 1789 1506 1871 quod
1552 1786 1738 1863 dixit,
1806 1786 2206 1848 scholiastam
2253 1785 2378 1848 ad-

118 1908 373 1978 notare,
416 1898 631 1962 adludi
674 1898 757 1961 ad
801 1898 931 1960 alas
972 1890 1418 1978 Porphyrionis
1463 1888 1759 1971 Gigantis,
1806 1887 2061 1950 omnino
2106 1906 2236 1949 non
2286 1895 2380 1949 est

27 2026 29 2031 ·
118 2024 358 2067 verum.
456 2004 671 2083 Neque
712 2001 956 2063 videtur
1014 1996 1189 2059 illam
1246 1992 1616 2058 sententiam
1669 1989 2051 2072 persuasisse
2095 1990 2378 2053 Gerhar-

27 2088 29 2097 ¹
116 2106 227 2168 dio
270 2104 609 2167 serioribus
672 2105 922 2167 demum
986 2096 1369 2182 temporibus
1429 2094 1560 2157 alas
1601 2092 1866 2155 tributas
1911 2110 2051 2155 esse
2094 2092 2379 2175 Giganti-

110 2211 236 2271 bus
282 2208 557 2271 censenti
600 2200 929 2272 comment.
973 2203 1053 2266 de
1094 2202 1379 2285 personis
1442 2198 1622 2261 alatis
1659 2197 1806 2259 artis
1852 2196 2171 2277 antiquae,
2217 2212 2378 2277 quae

114 2320 214 2375 est
272 2310 434 2374 inter
498 2310 1053 2373 commentationes
1116 2304 1496 2367 Academiae
1561 2302 1774 2379 regiae
1847 2297 2266 2359 Berolinensis
2323 2316 2378 2358 a.

27 2478 29 2485 .
114 2416 286 2479 1839
328 2402 617 2493 recitatas
662 2430 719 2473 a.
766 2410 927 2489 1841
976 2408 1039 2467 in
1082 2404 1396 2486 publicum
1439 2400 1677 2475 editas,
1746 2419 1808 2480 p.
1849 2398 1991 2460 199.
2025 2433 2106 2445 —
2179 2400 2376 2459 Porro

27 2490 29 2503 Ι
112 2516 466 2601 quaeritur,
511 2513 659 2596 quid
701 2495 1131 2575 sibi—voluerit
1184 2505 1469 2567 Comicus
1521 2499 1726 2563 verbis
1789 2499 2130 2581 παρδαλᾶς
2173 2502 2378 2583 ἐνημ-

27 2650 29 2707 5
110 2622 385 2706 μένους.
470 2617 849 2681 Scholiastes
893 2614 976 2676 ad
1016 2608 1349 2674 vs.1250:
1411 2600 1775 2685 παρδαλᾶςε
1841 2598 2230 2685 παρδάλεων
2273 2598 2378 2665 δο-

27 2728 29 2759 ⁸
114 2722 259 2807 ράς.
333 2707 623 2796 ”Emesa
664 2712 829 2801 πρὸς
876 2710 1001 2798 τὴν
1048 2714 1369 2797 πτέρωσιν
1412 2700 1656 2773 αὐτῶν·
1715 2698 1984 2771 κυάνεοι
2035 2695 2165 2785 γάρ
2229 2704 2376 2767 εἰσι.

27 2836 29 2877 ἰ
110 2828 255 2889 Hoc
298 2844 512 2888 verum
544 2824 815 2904 quidem,
869 2819 981 2881 sed
1022 2817 1193 2880 ratio·
1226 2811 1712 2891 haudquaquam
1748 2805 1999 2867 idonea.
2085 2804 2180 2864 De
2216 2821 2378 2883 por-

27 2936 29 3013 ξ
109 2930 428 3012 phyrione
472 2944 587 2997 ave
625 2922 926 3005 imprimis
972 2916 1362 2984 consulenda
1411 2918 1554 2975 sunt
1598 2926 1760 2991 quae
1803 2899 2186 2992 scripserunt
2226 2904 2375 2965 Ari—

27 3056 30 3083 1
110 3030 374 3095 stoteles
416 3030 571 3091 Hist.
606 3029 726 3089 ‘An.
766 3012 926 3087 VIII.
968 3023 1028 3098 8,
1070 3020 1440 3083 ‘Athenaeus
1481 3016 1592 3077 IX.
1657 3032 1717 3095 p.
1751 3010 1896 3087 388,
1961 3006 2191 3069 Plinius
2235 3008 2375 3068 Nat.

27 3118 30 3191 ὲ
111 3133 273 3195 Hist.
314 3134 395 3195 X.
440 3120 540 3195 46.
626 3118 923 3204 Quamvis
979 3123 1152 3186 nullo
1214 3123 1410 3186 verbo
1475 3125 1781 3181 testatum·
1817 3107 2164 3194 reperiatur
2205 3109 2375 3191 apud

108 3236 237 3300 hos
281 3226 648 3317 scriptoreS,
729 3250 910 3294 avem
966 3225 1351 3290 maculosam
1414 3240 1551 3285 esse
1603 3220 1670 3281 in
1713 3215 1968 3280 modum
2015 3210 2372 3294 pardorum,

110 3324 817 3421 quaesiverim'tamen,
860 3334 1027 3395 itane
1067 3330 1271 3391 fuerit.
1357 3324 1654 3400 Tametsi,
1719 3320 1821 3385 vel
1885 3319 1966 3379 si·
1997 3334 2129 3375 non
2192 3314 2375 3399 suerit

108 3444 237 3517 ita,
309 3439 420 3501 illa
484 3439 678 3501 verba
740 3435 1136 3519 probabilem
1192 3430 1670 3513 explicationem
1728 3414 2071 3486 admittunt.
2180 3417 2372 3478 Avem

112 3546 281 3607 enim
324 3542 494 3605 illam
536 3541 833 3625 Libycam
878 3560 1017 3603 esse
1060 3534 1404 3602 tradiderat
1444 3526 1808 3593 Alexander‘
1846 3520 2242 3605 MyndensiS,
2312 3528 2372 3581 et

112 3649 197 3711 ab
236 3646 433 3707 altera
468 3649 645 3726 parte
682 3644 927 3719 scimus,
972 3642 1207 3724 equites
1242 3635 1536 3701 Numidas
1578 3639 1854 3715 gestasse
1883 3623 2081 3706 pelles
2124 3622 2368 3704 pardo-

107 3770 271 3826 rum,
312 3748 661 3812 belluarum
680 3747 953 3809 ferarum
987 3742 1434 3815 Africanarum,
1479 3739 1558 3800 de
1597 3734 1830 3817 quibus‘
1847 3728 2035 3790 rebus
2075 3725 2182 3787 cfr.
2210 3742 2370 3805 quae

110 3853 325 3918 citavit
370 3826 743 3920 Suevernius
788 3849 830 3909 l.
876 3868 927 3910 c.
984 3867 1046 3927 p.
1078 3846 1218 3909 76.·
1264 3844 1551 3911 Attamen
1593 3834 1912 3900 fatendum
1951 3839 2084 3903 est,
2129 3824 2229 3911 vel
2273 3825 2365 3885 sic

107 3964 474 4041 praestare,
538 3956 590 4017 si
636 3930 839 4017 etiam-
880 3950 1040 4036 illud
1082 3963 1328 4009 sumere
1390 3942 1600 4004 liceat.
1682 3938 1827 4001 Utut
1866 3935 1974 3997 illa
2015 3950 2130 4005 res·
2157 3928 2371 4004 habet,

108 4042 239 4125 hoc
280 4066 519 4128 tantum
561 4036 691 4121 non
736 4062 913 4119 certo·
954 4036 1159 4135 coiligi
1202 4064 1404 4131 posse⁸
1433 4044 1678 4107 videtur
1721 4060 1800 4103 ex
1839 4038 1964 4102 hoc
2007 4033 2176 4109 loco,
2238 4050 2369 4094 no-

107 4163 278 4227 visse
314 4140 797 4242 Aristophanem
836 4154 1335 4240 Porphyrionem
1374 4154 1457 4221 et,
1501 4144 1674 4227 quod
1716 4142 1879 4206 ultro
1919 4134 2215 4218 sequitur,
2257 4153 2372 4209 ¹⁸97·

108 4266 319 4347 liquos
382 4265 671 4348 Gigantes
732 4261 1069 4345 pardorum
1105 4254 1397 4339 ¹pellibus
1469 4249 1742 4312 indutos.
1843 4243 1924 4304 Et
1965 4257 2170 4326 ecce,
2203 4236 2368 4299 -duo

1090 4385 1097 4394 ¹
1682 4360 1724 4421 9

1110 4568 1157 4683 R)

1151 4700 1232 4841 „X

1234 4848 1269 4973 lx*
