2759 5084
1002 216 1472 279 -107-

112 379 373 459 positum
415 387 511 445 est
549 381 707 445 illud
751 381 1079 468 Χαιριδῆς
1136 382 1584 471 βομβαύλιοι,
1639 386 1812 467 quod
1851 386 1942 451 ita
1980 386 2368 473 inteipreta-

114 490 201 543 tus
244 490 337 546 est
374 483 778 549 scholiastes:
856 479 959 551 Τοὶ
1012 486 1141 553 τοῦ
1204 485 1530 569 Χαίριδος
1581 489 2110 573 πεπαιδευμένοι
2151 488 2195 576 ἢ
2241 520 2369 576 με·-

108 586 435 658 λετῶντες·
482 588 723 671 Χαῖρις
762 587 849 655 δὲ.
874 580 1159 671 αὐλητὴς
1198 587 1496 671 Θηβαῖος
1529 588 1844 673 ἄμουσος.
1923 593 2208 675 Denique
2237 598 2367 659 Pa-

110 686 193 747 cis
232 688 339 751 Vs.
368 690 497 751 950
516 709 651 771 sqq.
677 696 1011 771 postquam
1031 692 1349 772 Trygaeus
1378 690 1554 767 dixit,
1591 698 1816 773 parata
1855 713 1998 759 esse
2031 698 2244 759 omnia
2285 700 2368 763 ad

109 809 275 855 sacra
316 792 607 857 facienda
656 789 925 861 »κούδὲν
966 794 1127 881 ἴσχει
1170 788 1351 877 πλὴν
1391 788 1472 861 τὰ
1511 788 1860 881 πρόβατον
1899 790 2120 883 ἡμᾶς»
2140 844 2158 875 ,
2201 800 2366 863 cbo-

106 912 203 955 rus
242 894 405 959 haec
447 895 595 957 facit
632 894 861 959 verba:

354 992 622 1065 Οὔκουν
662 988 1196 1081 οἷμιλλήσεσθονς
1238 989 1325 1071 ὥς

346 1091 436 1181 ἢν
478 1098 717 1184 Χαῖρις
756 1094 945 1176 ὑμᾶς
984 1098 1119 1190 ἴδῃ,

348 1196 683 1283 πρόςεισιν
722 1195 939 1270 αὐλῶν
980 1197 1287 1288 ἄκλητος,

348 1291 517 1386 ιιᾷτα
568 1294 721 1384 σάφ’
768 1292 891 1369 οἶδ’
934 1298 1039 1368 ὅτι

350 1402 643 1483 φυσῶντι
682 1401 793 1469 καὶ
834 1404 1233 1487 πονουμένῳ

350 1495 752 1586 προςδώσοτο
800 1495 1045 1585 δήπου»
1138 1568 1145 1575 .

94 1602 199 1665 His
240 1602 448 1667 verbis
488 1603 653 1667 baec
692 1604 1023 1687 adscripsit
1062 1607 1468 1673 scholiastes:
1539 1608 1688 1675 Τῶν
1731 1608 1888 1693 περὶ
1930 1601 2051 1681 τοὶς
2110 1608 2364 1683 θυσίας

98 1700 403 1791 αὐλητῶν
442 1703 529 1791 ἦν
574 1706 611 1775 ὅ
665 1710 927 1792 Χαῖρις.
1008 1702 1153 1779 Ἠν
1196 1713 1269 1781 δὲ
1310 1712 1424 1778 καὶ
1465 1719 1684 1794 ἕτερος
1723 1704 2108 1794 κιθαρῳδός.
2193 1709 2359 1783 Qui·-

96 1808 353 1871 buscum
394 1810 643 1893 egregie
688 1812 1019 1875 concinunt
1061 1831 1137 1875 ea
1156 1860 1173 1890 ,
1218 1832 1384 1895 quae
1425 1831 1466 1875 a
1507 1820 1720 1877 vetere
1757 1812 2098 1893 interprete
2145 1810 2358 1873 adno-

96 1916 219 1975 tata
262 1918 407 1973 sunt
447 1910 531 1973 ad
572 1912 779 1975 locum
852 1913 1104 1975 Avium:
1168 1914 1414 1997 Χαϊρις
1475 1904 1684 1996 aiddu:
1765 1908 1904 1987 Ὡς
1961 1905 2360 1996 αὐτομάτως

92 2012 399 2086 ἐπιόντος
452 2007 667 2083 αὐτοῦ
724 2027 867 2087 ταῖς
910 2008 1237 2103 εὐωχίαις.
1320 2017 1402 2079 Et
1453 2015 1750 2099 profecto
1806 2013 1986 2077 Pacis
2027 2011 2138 2073 ille
2177 2011 2356 2075 locus

95 2134 229 2177 cum
271 2115 489 2179 Avium
543 2114 745 2179 hoece
784 2116 1086 2199 imprimis
1148 2125 1245 2183 est
1286 2116 1782 2201 componendus.
1865 2114 1994 2179 Sed
2035 2112 2358 2177 molestias

94 2222 293 2294 creat,
338 2218 541 2301 quod,
582 2220 639 2283 si
679 2220 925 2286 scholia
965 2222 1243 2303 sequeris
1266 2268 1285 2297 ‚
1341 2222 1396 2285 is
1441 2220 1727 2294 Chaa-is,
1797 2217 1906 2301 qui
1961 2214 2162 2281 altero
2206 2217 2354 2279 loco

92 2330 651 2401 commemoratur,
695 2322 977 2389 diversus
1022 2345 1161 2389 esse
1202 2326 1448 2389 videtur
1507 2326 1588 2387 ab
1635 2344 1715 2387 eo
1743 2370 1759 2400 ,
1820 2324 1994 2404 cujus
2041 2320 2241 2381 altero
2279 2316 2358 2379 fit

88 2422 343 2484 mentio.
428 2426 1011 2501 Ver-umenimvero,
1071 2443 1295 2489 revera
1358 2426 1450 2489 ita
1508 2425 1732 2499 fuisse,
1793 2428 2034 2487 tantum
2087 2438 2218 2481 non
2261 2426 2356 2481 est

88 2522 473 2587 incredibile.
556 2527 683 2589 Fac
726 2526 891 2589 enim
932 2526 1179 2607 singula
1216 2525 1466 2591 scholia
1509 2524 1768 2587 diversis
1810 2521 2028 2585 deberi
2070 2520 2357 2584 auctori-

87 2624 229 2702 bus,
276 2634 337 2689 et
376 2627 585 2691 statim
626 2628 957 2709 apparebit
996 2627 1163 2692 unde
1202 2628 1315 2691 illa
1353 2625 1776 2709 discrepantia
1815 2624 1898 2687 sit
1961 2620 2354 2705 explicanda,

91 2747 279 2808 quum
318 2732 688 2811 praesertim
728 2751 831 2795 res
886 2732 1027 2815 ipsa
1090 2733 1179 2795 ita
1237 2728 1426 2795 fuerit
1489 2734 1878 2811 comparata,
1945 2734 2014 2789 ut
2054 2722 2354 2788 facillime

88 2831 309 2893 turbae
354 2834 665 2913 potuerint
708 2834 879 2897 oriri.
964 2834 1131 2897 Fieri
1186 2833 1351 2897 enim
1395 2851 1547 2895 sane
1588 2838 1824 2915 potest,
1892 2835 1962 2891 ut
2019 2829 2146 2891 duo
2201 2827 2352 2889 fue-

87 2932 205 2995 rint
250 2932 587 2998 Chaerides
631 2936 823 3000 iidem
864 2936 1147 3001 tibicines
1194 2942 1257 2999 et
1298 2933 1459 2997 alter
1501 2950 1580 2997 ex
1619 2928 1990 2997 citharoedo
2031 2930 2234 2991 factus
2271 2929 2352 2991 sit

87 3034 351 3113 tibicen,
394 3072 478 3085 -
534 3058 657 3120 qua
698 3058 803 3118 re,
863 3046 931 3102 ut
970 3058 1086 3121 per
1129 3036 1528 3102 occasionem
1585 3033 1990 3109 adnotemus,
2043 3030 2350 3113 probatur

88 3136 151 3199 id
210 3140 449 3221 ipsum,
510 3141 683 3223 quod
756 3160 945 3225 supra
1000 3161 1065 3223 p.
1104 3142 1187 3203 59
1247 3137 1828 3203 demonstrabamus
1869 3132 2187 3197 contraria
2231 3149 2344 3193 ar-

90 3244 481 3321 gumentandi
556 3245 797 3318 ratione
858 3279 945 3294 —-
1010 3251 1079 3307 ut
1154 3244 1233 3307 de
1306 3242 1503 3304 altero
1588 3247 1796 3303 autem
1859 3238 2095 3301 mentio
2162 3235 2352 3298 fuerit

84 3344 313 3425 injecta
389 3346 555 3425 apud
606 3348 945 3427 C1·atinum;
1026 3354 1093 3409 at
1168 3344 1570 3419 Chaeridem,
1635 3344 1882 3425 quoties
1933 3341 2062 3403 hoc
2121 3356 2350 3401 nomen

87 3445 256 3526 apud
297 3446 783 3527 Aristophanem
814 3449 1145 3531 reperitur,
1196 3465 1446 3529 semper
1488 3464 1626 3509 esse
1671 3445 1940 3508 eundem
1981 3438 2346 3521 intelligen-

88 3549 233 3621 dum
266 3557 328 3612 et
353 3548 687 3627 tibicinem,
723 3552 1263 3630 persuasissimum
1304 3549 1535 3615 habeo.
1619 3549 1716 3612 Ita
1756 3546 1812 3611 si
1853 3541 2178 3617 statueris,
2221 3540 2348 3603 ad-

86 3650 285 3715 hibito
327 3651 631 3735 imprimis
672 3651 847 3727 loco,
892 3652 999 3733 qui
1043 3661 1137 3715 est
1172 3654 1239 3715 in
1280 3655 1442 3717 Pace
1483 3648 1727 3728 fabula,
1771 3648 1938 3713 ultro
1980 3645 2095 3709 tibi
2136 3661 2344 3725 appa-

86 3756 275 3831 rebit,
352 3776 462 3819 cur
502 3762 697 3836 poeta
736 3754 1053 3817 tibicinem
1094 3755 1287 3817 sacris
1344 3753 1646 3817 faciendis
1711 3770 1972 3835 operam
2013 3753 2344 3810 navantem

88 3857 457 3922 Chaeridem
496 3857 743 3919 finxerit
790 3856 1181 3936 eundemque
1238 3877 1516 3935 corvum,
1561 3856 1754 3919 modo
1819 3850 2173 3918 memineris
2214 3847 2345 3909 im·-

86 3961 293 4037 primis
337 3962 403 4023 in
443 3961 565 4024 hac
628 3980 748 4025 ave
818 3961 950 4043 jam
1006 3958 1321 4021 veteribus
1387 3965 1516 4021 tum
1579 3958 1984 4039 rapacitatem
2045 3959 2174 4014 tum
2215 3966 2344 4011 vo—

88 4063 405 4127 racitatem
468 4072 599 4125 tum
640 4062 1186 4125 insolentissimam
1234 4061 1760 4143 importunitatem
1797 4052 2200 4136 conspicuam
2219 4051 2344 4113 ‘vi-

88 4182 221 4227 sam
256 4186 432 4242 esse;
478 4186 745 4229 corvum
792 4162 1085 4229 hiantem
1126 4164 1231 4227 vel
1290 4164 1472 4246 pueri
1507 4164 1934 4247 cognoverunt
1977 4174 2058 4217 ex
2095 4152 2343 4217 Horatii

89 4268 209 4330 Sat.
251 4270 323 4347 11,
367 4271 427 4346 5,
472 4270 573 4345 56,
620 4275 889 4335 ceterum
945 4267 1053 4329 cfr.
1098 4286 1247 4329 usus
1305 4266 1643 4330 verborum
1683 4257 1984 4349 κράζειν,
2029 4247 2344 4341 uocaueri-

1605 4378 1646 4438 8
