2759 5084
1050 200 1472 263 ...91-

134 372 251 435 »im
296 368 815 449 Griechischen»,
854 372 1075 457 inquit,
1122 372 1241 435 »ist
1274 370 1389 435 das
1423 372 1808 453 bezeichnen,
1851 376 1996 442 dass
2031 376 2136 441 die
2168 379 2386 461 Ttipfe,

126 473 361 539 Athens
406 472 749 541 treffliches
790 474 1111 553 Fabricat,
1152 494 1277 539 von
1322 475 1464 540 dem
1509 474 1653 539 iicht
1687 476 2147 545 Athenaischen
2186 484 2388 567 Vogel

122 578 325 641 nichts
386 598 469 641 zu
518 576 805 641 furchten
864 578 1073 641 haben
1137 578 1451 643 werden».
1533 578 1868 662 Postquam
1927 600 1966 643 a
2025 584 2206 647 nohis
2265 585 2388 651 de-

120 686 543 743 monstratum
586 686 707 757 est,
762 681 865 763 agi
924 680 1203 747 fabulam
1256 702 1386 745 non
1443 681 1508 743 in
1563 690 1728 746 terra
1781 684 2020 763 Attica,
2081 687 2196 751 sed
2232 686 2382 753 loco

122 783 311 866 longe
356 780 601 859 dissito,
639 800 828 845 nemo
872 782 1194 847 mirabitur
1214 828 1231 859 ,
1278 804 1387 845 cur
1427 784 1846 851 Pisthetaerus
1889 787 2062 849 illam
2102 788 2226 852 vim
2265 811 2386 854 so-

116 885 193 947 lis
236 882 389 947 ollis
435 884 699 962 tribuat,
743 906 855 949 cnr
894 905 1024 949 non
1068 885 1254 951 etiam
1296 886 1538 971 tryhliis
1579 887 1684 952 vel
1728 886 2108 973 oxybaphis;
2153 893 2385 977 quippe

114 988 260 1054 inas.
304 1006 393 1049 ex
435 987 641 1069 patria
683 989 839 1063 urhe
893 1008 1105 1056 secum
1150 995 1626 1073 asportaverant
1691 992 1976 1057 homiues
2033 995 2384 1059 Athenien-

115 1111 247 1169 ses,
290 1089 465 1155 haec
506 1089 767 1173 Upupae
810 1100 1027 1173 eraut,¹
1060 1111 1232 1176 ,ergo
1278 1112 1408 1175 1:211
1447 1094 1650 1162 Attica
1695 1114 1889 1179 opera
1931 1095 2161 1181 figlina.
2246 1099 2384 1167 Ve-

112 1201 483 1275 rumtamen
494 1193 727 1284 ⁸utique
768 1214 897 1259 nen
934 1214 1197 1279 prorsus
1236 1195 1456 1279 liquet,
1497 1216 1606 1260 cur
1641 1198 2032 1281 potissimum
2075 1208 2384 1265 noctuam

110 1296 541 1381 Pisthetaerus
582 1294 751 1362 dicat
790 1297 907 1364 suh
950 1298 1059 1363 illa
1119 1298 1480 1367 conditione
1531 1300 1704 1383 ipsos
1745 1320 1876 1365 non
1941 1322 2079 1365 esse
2126 1322 2388 1389 aggres—

112 1416 379 1477 suram;
416 1419 565 1478 nam
622 1399 810 1463 etiam
850 1400 1122 1483 reliquas
1166 1420 1317 1469 aves
1370 1402 1602 1467 Atticas
1643 1403 1972 1467 habendas
2017 1424 2155 1469 esse
2197 1424 2388 1487 supra

110 1502 411 1582 vidimus.
490 1505 629 1570 Jam
668 1510 911 1568 constat
952 1504 1234 1587 quidem,
1278 1512 1572 1569 noctuam
1611 1504 1774 1569 vel
1755 1527 1822 1569 ιιι
1861 1506 2001 1587 ipsa
2039 1507 2195 1570 urbe
2232 1526 2386 1569 ver-

114 1614 327 1669 satam
370 1626 547 1683 esse;
608 1607 663 1669 si
716 1606 901 1687 igitur
941 1625 1189 1671 sumere
1247 1606 1498 1685 liceret,
1574 1609 1730 1671 ollas
1789 1606 1854 1669 in
1909 1607 2032 1669 hac
2073 1607 2216 1669 sola
2259 1627 2386 1670 non

112 1708 318 1773 modo
363 1707 699 1771 fabricatas
747 1726 919 1785 esse,
962 1728 1177 1772 verum
1230 1708 1417 1771 etiam
1468 1716 1818 1791 usurpatas,
1860 1708 2021 1770 ratio
2066 1708 2385 1784 adfuisset,

117 1820 185 1875 at
230 1829 313 1875 ea
354 1810 458 1878 rel
499 1810 591 1873 sic
635 1808 736 1873 vix
776 1808 1003 1873 idonea
1026 1858 1047 1888 ,
1115 1831 1222 1874 cur
1275 1818 1508 1875 noctua
1569 1810 1960 1893 potissimum
2017 1810 2386 1873 nominare-

112 1922 257 1993 tur;
310 1912 429 1977 sed
468 1933 596 1975 non
651 1911 821 1976 licet.
902 1913 1121 1995 ltaque
1164 1912 1353 1976 aliam
1397 1912 1959 1999 circumspiciamus
2002 1913 2385 1995 interpreta-

112 2017 365 2079 tionem
404 2034 671 2102 eamque
706 2013 925 2099 paullo
983 2015 1430 2081 accuratiorem
1483 2024 1752 2099 oportet.
1835 2018 1970 2079 Jam
2013 2023 2228 2080 notum
2273 2022 2386 2095 est,

108 2120 465 2181 Minervam
505 2126 637 2181 tum
674 2118 875 2199 ipsam
917 2117 1212 2201 κέραμον
1253 2118 1387 2183 sive
1431 2118 1708 2203 figlinum
1741 2137 1848 2183 vas
1882 2118 2192 2183 iuvenisse
2235 2136 2384 2179 cre-

113 2222 323 2285 ditam
387 2239 563 2299 esse,
622 2229 751 2285 tum
790 2221 1173 2302 patrocinari
1227 2220 1338 2299 iis,
1401 2222 1508 2305 qui
1573 2240 1770 2305 opera
1829 2221 2045 2309 figlina
2085 2222 2386 2285 facerent.
2449 2278 2456 2286 .

110 2325 289 2406 Ergo
334 2322 493 2387 haec
535 2322 709 2405 quasi
751 2322 1041 2405 praeside
1087 2331 1150 2387 et
1192 2332 1449 2387 curante
1511 2324 1632 2413 dea
1687 2324 1854 2385 facta
1892 2324 2140 2405 ipsique
2202 2340 2384 2385 sacra

17 2476 20 2506 Ι
112 2425 403 2507 cogitare
434 2424 601 2489 licet.
676 2426 775 2489 Oh
814 2425 981 2491 hanc
1010 2427 1209 2508 ipsam
1242 2445 1532 2491 caussam
1562 2426 1704 2489 fieri
1730 2430 1962 2509 potest,
2005 2430 2072 2485 ut
2096 2421 2382 2507 singulae

18 2511 23 2599 'g
115 2528 295 2589 ollae
339 2529 851 2611 superimpositae
910 2530 1035 2594 sint
1076 2530 1379 2593 columnis
1441 2530 1842 2595 simulacrum
1881 2527 2198 2591 Minervae
2242 2526 2384 2589 cin-

21 2624 23 2631 ’
115 2630 411 2713 gentihus
454 2628 521 2691 in
559 2649 709 2715 vase
748 2632 916 2714 picto
934 2679 953 2710 ,
1016 2632 1185 2715 quod
1228 2633 1584 2715 nuperrime
1627 2630 1964 2715 publicavit
2006 2628 2382 2693 Gerhardius

23 2752 25 2771 =
116 2731 302 2807 libri,
346 2730 452 2815 qui
491 2731 847 2797 inscribitur
892 2734 1331 2799 »Etruskische
1374 2736 1503 2799 und
1541 2733 2002 2819 Kampanische
2043 2732 2384 2796 Vasenbil-

117 2836 241 2896 der
284 2835 394 2898 des
436 2834 681 2919 Konigl.
742 2839 1053 2907 Museums
1096 2860 1177 2903 zu
1215 2840 1500 2917 Berlin»,
1554 2840 1686 2903 tab.
1719 2841 1776 2919 13
1836 2854 2210 2919 quamquam
2253 2854 2381 2897 non

116 2957 325 3021 nego,
384 2936 501 2999 has
548 2938 737 3001 etiam
790 2940 969 3007 aliter
1025 2941 1322 3025 explicari
1385 2960 1591 3025 posse.
1675 2943 1832 3004 Num
1875 2939 2060 3023 igitur
2097 2938 2224 3001 hoc
2269 2944 2382 3014 est,

117 3039 299 3123 quod
342 3042 469 3103 vult
524 3040 969 3106 Pisthetaerus:
1036 3044 1177 3107 ollis
1219 3042 1345 3105 illis
1397 3044 1722 3127 ‘Minervae
1790 3042 1966 3124 quasi
2033 3040 2227 3103 sacris
2281 3039 2381 3103 vel

118 3144 230 3221 iis,
292 3143 397 3227 qui
442 3160 549 3207 eas
592 3149 869 3226 gestent,
932 3142 1091 3207 nihil
1133 3165 1337 3211 noxae
1380 3147 1710 3209 allaturam
1773 3165 1912 3211 esse
1957 3164 2134 3208 avem
2180 3144 2384 3207 eidem

121 3248 287 3309 deae
332 3253 393 3307 et
432 3244 633 3329 ipsam
674 3249 959 3309 sacram?
1046 3248 1172 3311 Sed
1212 3269 1420 3332 neque
1469 3250 1593 3313 hac
1649 3248 2096 3329 interpretandi
2137 3246 2384 3309 ratione

117 3348 542 3431 respondetur
584 3348 666 3410 ad
708 3349 1106 3431 quaestiones
1164 3350 1375 3415 hasce.
1473 3352 1720 3416 Etenim
1764 3350 1920 3414 ollas
1963 3349 2382 3413 Pisthetaerus

116 3462 313 3537 atque
354 3453 689 3535 Euelpides
748 3451 971 3535 procul
1036 3451 1229 3515 dubio
1288 3456 1467 3539 juxta
1527 3475 1598 3519 se
1665 3454 2009 3517 collocatas
2067 3450 2386 3516 habebant

114 3560 247 3633 ita,
291 3565 362 3622 ut
399 3566 565 3623 certe
608 3554 883 3637 conspici
926 3564 1185 3635 possent
1228 3576 1267 3619 a
1314 3566 1559 3623 noctua.
1643 3559 1810 3639 Ergo
1857 3556 2008 3639 quid
2052 3566 2166 3635 est,
2211 3556 2383 3639 quod

116 3660 547 3726 Pisthetaerus
614 3660 793 3737 dicit,
857 3679 969 3723 eos
1012 3659 1068 3721 si
1127 3658 1630 3745 prehendet-int,
1689 3666 1982 3723 noctuam
2039 3661 2211 3744 ipsos
2255 3678 2388 3723 non

120 3784 263 3827 esse
308 3782 735 3848 aggressuram
760 3765 790 3823 Ἰ
896 3762 1232 3824 Praeterea
1300 3763 1492 3826 ollam
1551 3760 1830 3853 figlinum
1888 3783 2048 3847 opus
2114 3762 2390 3828 omnium

45 3930 47 3935 .
120 3868 521 3933 rudissimam
562 3866 753 3930 fuisse
798 3871 1042 3929 constat
1085 3872 1148 3929 et
1190 3864 1446 3927 omnino
1502 3864 1762 3948 nigrum.
1851 3864 2188 3941 Quomodo
2245 3862 2390 3925 fieri

47 4034 49 4056 Ι
120 3971 369 4053 potuit,
426 3979 495 4035 ut
548 3969 731 4033 facile
784 3966 1265 4049 intelligeretur,
1328 3966 1487 4028 tales
1549 3966 1714 4030 ollae
1760 3977 1964 4031 ulrum
2021 3967 2261 4029 Atticae
2305 3984 2389 4028 an

47 4062 50 4075 ’
120 4073 285 4135 alius
332 4074 504 4157 cujus
547 4071 823 4135 fabricae
869 4073 1126 4157 essent?
1211 4071 1349 4133 Non
1417 4088 1570 4131 sane
1635 4090 1715 4134 ex
1756 4072 1990 4147 forma;
2057 4070 2173 4133 sed
2217 4068 2384 4131 ultro

124 4198 203 4239 eo
251 4175 631 4263 delabimur,
696 4182 763 4237 ut
805 4194 1201 4252 censeamuS,
1272 4172 1518 4254 signum
1561 4174 1816 4255 aliquod
1860 4170 2116 4235 infuisse
2159 4171 2224 4232 in
2267 4169 2386 4231 illis

129 4280 269 4345 ollis
317 4298 357 4343 a
399 4278 785 4345 Pisthetuero
830 4287 895 4345 et
932 4280 1235 4363 Euelpide
1280 4275 1508 4357 allatis,
1555 4297 1634 4339 ex
1677 4298 1802 4361 quo
1848 4276 1927 4341 de
1970 4272 2208 4339 fabrica
2251 4269 2389 4353 capi

1696 4392 1735 4453 7
