2759 5084
2737 8 2746 412 ι

387 416 503 489 49,
548 414 625 476 de
666 413 789 475 hoe
830 411 919 473 ita
963 409 1478 473 sermocinantem
1496 453 1514 482 ‚
1557 408 1614 471 si
1653 407 1844 472 verbe
1887 412 2180 487 corrupte
2221 410 2388 465 reete
2433 420 2625 465 sana—
2735 418 2740 427 ·

386 516 473 579 vit
513 514 851 579 Salmasius
892 514 1043 577 Plin.
1086 511 1351 575 Exercit.
1393 530 1454 591 p.
1490 510 1641 575 169:

620 613 841 698 Ἀστη
880 614 951 683 δὲ
990 628 1197 699 μισεῒ,ι
1236 614 1368 680 τῶν
1423 613 1495 681 δὲ
1555 608 1914 695 Παλλήνης
1958 605 2182 680 τόπων

582 756 589 765 ·
638 714 933 803 δρυμούς
973 710 1257 801 ἐρήμους
1298 715 1401 809 καὶ
1441 709 1699 797 πάγους
1745 710 2064 789 ἀποικία,

388 822 557 904 quod
618 826 1001 901 postremum
1062 816 1311 898 quidem
1351 814 1729 879 vocabulum
1783 833 1824 877 a
1863 822 2053 900 poeta
2094 814 2444 898 profectum
2489 831 2624 875 esse

386 948 512 989 non
554 932 799 1007 potest;
842 920 986 985 libri
1032 938 1209 981 mser.
1250 918 1606 1003 porrigunt:
1649 912 2018 998 οἷποικίσαις
2047 926 2052 931 ’
2080 916 2384 981 Heathius
2427 934 2622 994 repo-

384 1029 655 1092 nendum
696 1026 1021 1090 censebat:
1062 1021 1420 1107 ἐποίχεται.
1504 1020 1626 1095 Qui
1665 1020 1764 1083 vel
1813 1020 2016 1110 solum
2071 1019 2402 1101 prologum
2442 1018 2626 1099 hujus

386 1131 637 1194 fabulae
679 1127 1045 1210 perlegerit,
1090 1143 1230 1187 eum
1272 1142 1402 1186 non
1445 1122 1655 1205 fugiet,
1698 1141 1884 1203 quam
1927 1122 2172 1203 egregie
2217 1119 2310 1182 illi
2361 1116 2628 1201 Παλλὴ-
2737 984 2746 1259 ¹

384 1258 505 1317 νης
544 1226 769 1298 τόπων
814 1229 1049 1313 δρυμοὶ
1094 1231 1327 1309 ἔρημοι
1366 1226 1474 1291 καὶ
1519 1222 1720 1308 πάγοι
1766 1224 2072 1306 quadrent
2106 1222 2190 1285 ad
2233 1240 2372 1319 eam
2413 1220 2634 1302 regio-

387 1354 549 1409 nem,
592 1333 655 1393 in
701 1349 883 1413 quam
928 1326 1323 1391 devenientes
1368 1326 1674 1389 cernimus
1715 1324 2164 1393 Pisthetaerum
2207 1332 2392 1404 atque
2431 1321 2632 1385 Euel-

385 1436 611 1516 pidem.
697 1432 822 1497 Sed
862 1432 1265 1511 Phlegraeum
1308 1447 1594 1511 eampum
1659 1448 1829 1504 esse,
1893 1428 1956 1489 in
2024 1422 2470 1508 quo,fabulam
2537 1427 2632 1506 egi

384 1538 663 1620 fingitur,
730 1536 892 1597 adeo
954 1532 1257 1615 expressis
1300 1531 1506 1595 verbis
1545 1528 1937 1613 significavit
1972 1530 2110 1610 ipse
2172 1534 2362 1610 poeta
2401 1527 2552 1589 inde
2597 1545 2632 1587 a

386 1642 491 1703 vs.
523 1639 681 1714 812,
734 1655 861 1718 quo
906 1637 1055 1699 loco
1097 1642 1430 1716 postquam
1471 1635 1752 1715 Upnpam
1813 1632 2118 1695 dicentem
2160 1629 2335 1693 feeit:

562 1732 707 1822 Φέῤ
752 1739 907 1817 ἴδω,
951 1739 1018 1805 τί
1064 1734 1122 1803 δ’
1162 1732 1323 1819 ἡμῖν
1366 1731 1643 1818 τοῦνομ’
1687 1741 1869 1803 ἔσται
1909 1737 1994 1821 τῇ
2037 1732 2224 1803 πόλει
2237 1756 2265 1811 3

388 1864 581 1926 porro
612 1844 773 1909 haec
812 1844 1223 1925 reperiuntur.
1244 1841 1325 1904 ab
1374 1840 1516 1920 ipso
1557 1841 1794 1921 posita:
1953 1916 1956 1921 Ι
2145 1838 2154 1842 “

1136 1968 1513 2037 ΠΕΙΣΘΕ
1521 1970 1695 2035 TAI
1693 1970 1750 2035 P
1759 1970 1902 2036 ΟΣ.

1398 2065 1643 2138 Βούλει
1687 2068 2341 2156 Νεφελοκοκκυγίανς

1351 2200 1654 2265 ΕΠΟΨ.

506 2372 513 2380 .
560 2305 701 2377 Ἰού
746 2303 880 2375 ἰού·

556 2404 759 2477 καλὸν
792 2404 923 2497 γοὶρ
964 2402 1245 2497 ἀτεχνῶς
1287 2404 1392 2471 καὶ
1437 2398 1586 2491 μέγ’
1630 2394 1814 2489 εὗρες
1863 2398 2182 2489 τοῖνομα.
2520 2400 2646 2461 820

1224 2532 1808 2603 ΕΥΕΛΠΙΔΗΣ.

553 2636 706 2724 Ἆρ’
747 2640 925 2717 ἐστὶν
968 2630 1209 2720 αὑτηγὶ
1256 2636 1864 2720 Νεφελοκοκκυγία,

560 2752 673 2812 ἵνα
712 2744 821 2811 καὶ
864 2736 946 2807 τοὶ
994 2737 1384 2823 Θεαγένους,
1423 2731 1508 2801 τοὶ
1563 2730 1776 2805 πολλοὶ
1819 2734 2143 2825 χρήματα,

568 2839 655 2915 τά
701 2839 759 2913 τ’
802 2840 1131 2931 Αἰσχίνου
1168 2834 1229 2925 γ’
1274 2834 1573 2919 ἅπαντας

1144 2960 1930 3026 ΠΕ]ΣΘΕΤΑΙΡΟΣ.·

1665 3061 1826 3127 Καὶ
1867 3064 2164 3149 λῷστον
2203 3068 2362 3141 μὲν
2401 3054 2552 3129 οὖν

564 3160 649 3233 τὰ
700 3163 1049 3248 Φλέγρας
1086 3162 1402 3241 πεδίον,
1445 3156 1540 3230 ἵν’
1583 3170 1654 3231 οἱ
1692 3168 1881 3232 θεοὶ
1925 3162 2116 3239 τούς
2157 3167 2536 3251 Γηγενεῑς

568 3262 1263 3345 ἀλαζονευόμενοι
1312 3261 2184 3349 καθυπερηκόντισαν.
2517 3268 2654 3331 825

396 3371 805 3452 Phlegraeum
850 3374 1053 3432 autem
1096 3386 1377 3449 campum
1423 3369 1688 3433 eundem
1731 3386 1870 3431 esse
1903 3367 2200 3431 Pallenen
2241 3377 2476 3433 tantum
2521 3392 2658 3435 non

398 3481 635 3535 eertum
680 3478 807 3549 est,
852 3470 961 3533 cfr.
1004 3489 1165 3552 quae
1206 3472 1448 3534 monuit
1490 3471 1552 3533 C.
1598 3470 1672 3531 Ο.
1714 3471 2048 3535 Muellerus
2092 3471 2234 3535 libri
2275 3491 2316 3533 a
2360 3473 2651 3535 Gerhar-
2727 3530 2736 3546 ,

396 3576 503 3636 dio
550 3574 733 3649 editi,
792 3573 897 3654 qui
956 3572 1313 3634 inscribitur
1376 3571 2328 3652 »Hyperboreisch-R6misehe
2387 3576 2654 3639 Studien

398 3676 499 3737 fiir
541 3674 1056 3757 Archaeologie»,
1102 3676 1277 3735 Tom.
1314 3673 1361 3733 1.
1403 3692 1464 3751 p.
1493 3672 1613 3736 283
1651 3694 1744 3755 sq.
1788 3676 1933 3737 adn.
1966 3678 2020 3737 1.
2107 3674 2284 3747 Quae
2326 3696 2516 3756 quum
2557 3678 2653 3739 ita

398 3779 547 3853 sint,
604 3795 799 3855 porro
847 3784 939 3839 est
982 3775 1433 3858 quaerendum,
1495 3784 1695 3839 utram
1746 3777 2042 3841 Pallenen
2083 3776 2340 3859 intelligi
2378 3777 2660 3840 voluerit

397 3880 501 3943 hic
543 3884 765 3961 poeta,
807 3877 1276 3956 peninsulamne
1316 3879 1490 3942 illam
1533 3879 1944 3957 notissimam,
1987 3898 2072 3941 an
2111 3898 2338 3960 pagum
2379 3881 2656 3945 Atticum

402 3981 603 4045 minus
647 3980 1044 4055 celebratum,
1088 3979 1170 4043 de
1212 4000 1339 4063 quo
1384 3982 1547 4045 hanc
1585 3984 2008 4065 conjecturam
2045 3981 2192 4043 feeit
2229 3982 2293 4043 C.
2331 3983 2406 4043 Ο.
2437 3983 2660 4047 Muel-

400 4085 569 4147 lerus
599 4084 757 4161 libri,
804 4084 907 4164 qui
950 4084 1302 4149 inscribitur
1343 4086 1760 4167 »Allgemeine
1789 4082 2292 4167 Eneyelopaedie
2319 4083 2434 4146 der
2461 4086 2656 4148 Wis-

404 4184 801 4254 senschaften
862 4186 991 4249 und
1044 4187 1317 4250 Kiinste»
1340 4235 1356 4263 ,
1428 4190 1586 4251 Sect.
1625 4188 1726 4249 111.
1796 4190 1973 4249 Tom.
2013 4187 2094 4248 X.
2157 4204 2216 4265 p.
2257 4185 2371 4248 83:
2439 4186 2658 4249 »ohne

404 4286 653 4354 Zweifel
695 4306 827 4350 war
868 4290 1028 4353 auch
1072 4291 1207 4353 dies
1264 4291 1516 4353 Pallene
1577 4290 1669 4353 als
1727 4289 2150 4355 Sehlaehtfeld
2191 4287 2305 4349 der
2347 4288 2664 4370 Gigantea
