2759 5084
1020 216 1442 279 ...75-

116 390 221 453 und
276 389 493 453 Gotter
551 387 617 449 in
682 387 1173 453 einheimischen
1240 391 1446 473 Sagen
1509 386 1798 453 bernhmt
1816 437 1833 467 ,
1897 390 2185 475 ohgleich
2249 392 2352 456 die

118 491 477 554 herrschend
506 489 883 573 gewordene
922 489 1319 573 Mythologie
1352 492 1469 553 der
1504 488 1862 556 Belbina!
1901 492 2115 557 diesen
2147 494 2354 557 Ruhm

118 594 431 655 zuerkannt
466 593 641 655 hat».
724 592 1013 657 Profecto
1060 592 1245 656 etiam
1296 593 1463 655 hanc
1517 593 1836 677 regionem
1877 614 2170 659 saxosam
2213 616 2352 659 esse

118 695 351 772 scimus,
409 705 473 759 et
535 695 719 759 simul
776 696 843 757 id
899 696 1073 777 quod
1116 695 1450 759 Trochilus
1511 696 1590 759 de
1650 696 1871 780 upupa
1927 699 2350 763 sermocinans

122 796 193 857 ita
225 796 503 879 loquitur
543 800 653 861 Vs.
697 799 779 862 75
812 818 981 881 sqq.:

186 887 377 975 οὗτός
408 896 467 987 γ’
510 893 639 979 ἄν’,
678 900 894 985 οἶμαι,
936 898 1263 987 πρότερον
1310 895 1676 986 ἅνθρωπός
1715 892 1865 969 ποτ’
1899 898 2016 975 ὧν,

188 1004 363 1068 τοτὲ
409 1006 571 1086 μὲν
608 1003 755 1089 ἐρᾷ
796 1017 1083 1089 φαγεῖν
1126 999 1387 1089 α’φῦας
1431 997 1928 1091 Φαληρικάς·

186 1104 439 1192 τρέχω
476 1096 571 1171 ’π’
616 1099 877 1189 ἀφύας
934 1099 1083 1190 ἐγώ
1125 1100 1405 1192 λαβὸν
1443 1104 1993 1193 τὸ·τρυβλίον-

120 1207 293 1287 primo
339 1207 561 1271 obtutu
600 1208 799 1290 magis
838 1226 957 1289 pro
1000 1209 1125 1271 hac
1168 1228 1355 1291 quam
1395 1228 1514 1291 pro
1567 1207 1942 1291 cognomine
1993 1207 2104 1271 illa
2141 1206 2352 1273 fucere

118 1308 287 1371 videri
346 1315 579 1391 potest.
680 1309 807 1372 Sed
875 1310 1141 1373 Atticum
1198 1328 1430 1393 pagum
1491 1310 1818 1392 quominus
1881 1309 2352 1391 intelligendum

122 1428 235 1473 esse
292 1430 663 1475 censeamus
686 1459 703 1488 ,
768 1421 839 1475 ut
896 1412 1022 1477 alia
1064 1420 1337 1493 taceam,
1401 1415 1702 1497 imprimis
1759 1414 1922 1477 haec
1959 1414 2080 1477 tria
2119 1415 2354 1497 prohi-

122 1513 261 1576 bent.
342 1514 617 1577 Primum
682 1514 845 1577 enim
916 1536 1191 1599 upupam
1246 1517 1508 1581 alteram
1543 1519 1678 1601 jam
1718 1534 1907 1597 supra
1951 1518 2354 1581 demonstra·-

122 1618 287 1681 vimns
332 1625 657 1682 externam
698 1618 961 1701 cogitari
1024 1638 1205 1685 avem
1264 1630 1329 1685 ct
1368 1621 1736 1697 Thraciam,
1717 1640 1734 1655 ·
1799 1620 1974 1702 cujus
2017 1638 2206 1701 quum
2253 1638 2354 1698 ea,

122 1740 257 1801 quae
296 1742 381 1785 ex
426 1723 629 1785 Tereo
670 1728 907 1785 munta
948 1722 1013 1785 in
1054 1740 1331 1804 upupam
1389 1728 1518 1799 est,
1587 1740 1658 1784 se
1699 1739 1883 1783 avum
1925 1720 2123 1799 dicat,
2185 1742 2350 1785 con-

123 1832 463 1889 sentaneum
550 1830 647 1887 est
724 1844 1010 1902 sumere,
1096 1844 1301 1907 neque
1392 1826 1557 1889 hanc
1640 1823 1930 1887 habitare
2013 1823 2078 1884 in
2147 1824 2352 1889 Attica

49 1914 52 2047 ζ
122 1935 287 2004 terra,
330 1928 449 1991 sed
488 1929 555 1991 in
598 1926 883 1991 Thracia.
989 1929 1129 1991 Fuit
1186 1936 1398 1991 autem
1439 1927 1624 1991 Terei
1691 1945 1952 2011 regnum
2013 1928 2354 1993 secundum

49 2056 51 2103 ;
122 2027 389 2095 Ovidium
465 2030 531 2093 in
593 2032 861 2095 Thracia
922 2031 1109 2095 situm
1170 2031 1341 2113 apud
1411 2032 1722 2116 Odrysas,
1787 2032 1898 2093 cfr.
1955 2031 2204 2093 Metam.
2247 2033 2354 2111 VI,

123 2133 256 2207 491,
310 2142 379 2196 et
420 2134 593 2215 regia
636 2133 833 2215 ipsius
896 2152 1095 2216 prope
1163 2135 1552 2217 Rhodopen,
1619 2135 1730 2198 cfr.
1778 2136 1888 2199 Vs.
1919 2135 2066 2199 590.
2147 2134 2354 2199 Etiam

122 2232 243 2297 loco
299 2236 639 2321 Aeschylio
704 2238 855 2319 quin
921 2238 1192 2301 Thracia
1264 2239 1518 2303 Pallene
1583 2239 1668 2301 sit
1730 2237 2129 2321 intelligenda
2147 2286 2164 2315 ,
2229 2258 2356 2301 non

126 2336 349 2415 dubito,
400 2338 483 2401 ad
528 2356 715 2419 quam
756 2339 857 2401 vel
914 2346 1121 2403 terrae
1178 2340 1514 2422 descriptio
1537 2386 1553 2414 ,
1599 2356 1762 2419 quae
1820 2338 1932 2401 illo
1993 2340 2140 2401 loco
2186 2339 2358 2423 legi-

122 2446 239 2518 tur,
274 2441 475 2525 magis
524 2443 824 2524 quadrat,
869 2460 1055 2525 quam
1104 2443 1185 2504 ad
1228 2460 1456 2523 pagum
1500 2440 1784 2503 Atticum.
1871 2440 2114 2502 Deinde
2155 2442 2360 2505 vehe-

125 2552 336 2607 menter
402 2544 656 2622 dubito,
702 2563 781 2607 an
830 2545 1263 2625 Aristophanis
1325 2542 1706 2624 temporibus
1751 2537 1828 2607 τὸ
1893 2542 2186 2626 Φλέγρας
2239 2570 2362 2611 πε-

127 2647 254 2714 δίον
310 2666 445 2709 non
497 2647 579 2710 sit
652 2646 1037 2711 intellectum
1108 2646 1225 2709 nisi
1297 2648 1379 2709 de
1447 2644 1700 2709 Pallene
1763 2644 2052 2709 Thracia.
2156 2647 2355 2711 Porro

125 2749 194 2811 ad
225 2749 391 2814 hanc
436 2750 679 2832 potius,
742 2769 927 2831 quam
978 2750 1070 2813 -ad
1120 2770 1353 2833 pagum
1410 2750 1678 2811 Atticum
1747 2748 2185 2831 cognominem
2234 2750 2361 2811 du-

124 2868 247 2913 cere
300 2853 495 2917 dehet
518 2853 691 2936 quod
711 2854 1131 2918 Pisthetaerus
1156 2853 1239 2915 ab
1264 2852 1444 2915 initio
1473 2851 1732 2915 fabulae
1767 2851 1917 2915 dicit
1940 2852 2044 2913 Vs.
2065 2852 2246 2933 5sq.:
2291 2870 2362 2915 se

271 2952 443 3023 ὁδοῦ
486 2956 867 3038 περιελθεῖν
930 2948 1239 3022 στάδια
1310 2956 1556 3021 πλεῖν
1595 2949 1642 3037 ἢ
1696 2954 1943 3043 χίλια.

124 3060 188 3123 Ut
246 3060 411 3123 euim
473 3058 811 3141 largiamur
866 3058 1107 3121 homini
1165 3057 1498 3141 longorum
1559 3057 1774 3121 taedio
1837 3074 2118 3119 errorum
2177 3062 2362 3137 capto

55 3184 57 3187 ’
124 3170 285 3243 atque
326 3160 799 3244 indignabundo
840 3160 1165 3223 vocabulis
1212 3159 1299 3221 uti
1342 3176 1534 3238 supra
1572 3158 1896 3221 veritatem
1939 3176 2074 3219 rem
2117 3175 2367 3239 augen-

55 3294 58 3353 ᾗ
124 3262 294 3339 tibus,
358 3272 457 3326 ast
498 3264 617 3340 ita,
682 3270 751 3325 ut
789 3262 917 3327 hoc
959 3263 1105 3325 loco
1151 3264 1383 3325 factum
1427 3268 1561 3338 cst,
1632 3279 1760 3322 non
1816 3260 2022 3341 potuit
2062 3258 2238 3339 loqui
2283 3258 2406 3319 dc·

55 3378 57 3389 ·
124 3382 267 3446 pago
320 3366 600 3429 medium
652 3366 787 3427 fere
838 3366 1113 3429 Athenas
1170 3366 1333 3427 inter
1393 3372 1454 3425 et
1511 3360 1946 3427 Marathonem
2004 3360 2216 3423 locum
2261 3368 2366 3422 te-

125 3477 309 3531 nente.
396 3468 681 3548 Denique
715 3468 963 3531 demum
1014 3477 1229 3531 nostra
1269 3464 1574 3529 sententia
1613 3462 1881 3545 probata
1925 3462 2184 3523 omnino
2228 3462 2366 3524 cla—

122 3588 241 3633 rum
282 3571 420 3647 crit,
467 3590 577 3633 cur
605 3572 710 3633 Vs,
756 3572 921 3634 1040
972 3568 1701 3655 Nephelococcygienses
1735 3571 2190 3647 componantur
2229 3584 2370 3629 cum

122 3670 329 3735 incolis
354 3675 696 3759 Olophyxi,
726 3676 897 3738 urbis
922 3680 995 3742 ἐν
1030 3672 1261 3764 Θρᾴκῃ
1286 3677 1440 3759 περὶ
1469 3667 1590 3740 τὸν
1611 3667 1814 3738 ”Αθω
1841 3670 2000 3733 sitae
2029 3672 2371 3735 secundum

126 3776 511 3859 Stephanum.
554 3778 733 3853 Quae
768 3798 955 3859 quum
980 3777 1065 3839 ita
1088 3777 1227 3852 sint,
1266 3782 1545 3856 apparet,
1581 3774 1776 3837 verba
1797 3773 2120 3855 Euelpidis
2151 3776 2255 3837 Vs.
2287 3774 2372 3847 30

122 3883 315 3958 posita
358 3881 449 3944 ita
470 3881 937 3963 interpretanda
974 3900 1103 3942 non
1144 3897 1301 3955 esse,
1342 3886 1412 3939 nt
1437 3878 1812 3942 Snevernius
1844 3876 2158 3940 censebat.
2246 3875 2372 3936 Sed

121 3982 297 4063 stipes
342 3984 451 4049 ille
494 3986 698 4049 avium
736 4004 1075 4067 progressu
1116 3983 1373 4062 insuper
1413 3980 1479 4045 in
1531 3990 1852 4063 stuporem
1890 3980 2070 4041 datus
2117 3996 2196 4039 eo
2232 3976 2374 4058 ipso

122 4088 405 4168 temporis
448 4097 767 4153 momento
791 4138 807 4167 ,
853 4110 979 4172 quo
1027 4085 1359 4167 comperit,
1401 4090 1698 4147 noctuam
1741 4083 1997 4157 adesse,
2041 4098 2204 4161 quae
2244 4078 2376 4140 avis

124 4186 399 4267 Athenis,
481 4200 545 4255 et
607 4193 671 4254 in
724 4213 902 4269 arce,
989 4192 1209 4254 crebra
1262 4195 1387 4265 est,
1457 4188 1566 4251 cfr.
1617 4185 1796 4249 verbi
1846 4202 2070 4249 caussa
2120 4182 2376 4266 Lysistr.

126 4291 219 4355 Vs.
256 4296 386 4359 ’160
414 4314 545 4377 sq„
588 4314 717 4359 non
758 4297 1033 4360 meminit
1079 4314 1149 4359 se
1194 4311 1322 4355 non
1372 4291 1636 4373 amplius
1685 4289 1920 4353 versari
1965 4292 2028 4351 in
2071 4286 2181 4350 illa
2221 4282 2378 4345 urbe

1647 4404 1687 4464 6
