2759 5084
1385 201 1801 265 ...36-

457 393 642 453 posse
691 375 754 434 in
808 372 1077 436 animum
1128 371 1248 434 sibi
1295 369 1637 433 induxerit!
1731 368 1951 432 Paullo
1996 369 2292 432 curiosius
2344 370 2407 430 in
2452 369 2677 432 illarum

457 476 758 537 rationem
817 476 1020 538 avium
1077 476 1479 558 investigasse
1538 472 1843 536 Genellius
1902 471 2173 547 videtur,
2239 473 2293 535 si
2350 492 2430 534 ex
2484 474 2677 554 paucis

453 577 598 652 illis,
644 597 802 658 quae
835 578 1075 641 duobus
1117 579 1271 641 locis
1307 579 1437 640 noti
1478 577 1641 640 illius
1690 577 1771 638 de
1814 575 2060 638 theatro
2092 575 2452 638 Atheniensi
2488 577 2677 658 operis

454 678 572 741 hac
624 681 704 742 de
755 701 824 742 re
876 682 1095 744 leviter
1145 682 1427 764 projecta
1468 681 1859 762 reperiuntur
1910 688 1972 740 et
2010 678 2075 738 in
2116 685 2467 742 transcursu
2510 699 2679 741 com-

455 790 824 858 memorata,
876 784 1220 844 universam
1262 783 1455 864 ipsius
1498 791 1766 846 mentem
1806 788 1973 844 recte
2012 779 2372 842 divinamus.
2460 780 2677 844 Genel-

455 883 569 944 lius
617 885 778 945 enim
821 905 1007 966 quum
1049 904 1172 946 uno
1215 885 1358 947 loco
1404 885 1629 970 gallum
1674 885 2101 969 gallinaceum,
2147 902 2271 964 quo
2317 883 2396 945 de
2436 885 2542 944 νε.
2568 882 2678 944 275

453 1004 657 1048 sermo
701 996 824 1062 est,
875 987 1167 1068 imprimis
1213 988 1372 1049 inter
1416 1006 1595 1064 aves,
1642 1007 1800 1072 quae
1842 989 1947 1050 νε.
1973 987 2097 1050 448
2141 983 2406 1051 ὁπλῖται
2449 1003 2679 1046 nuncu-

453 1098 702 1168 pentur,
748 1088 1194 1151 recensendum
1239 1110 1376 1152 esse
1422 1092 1753 1166 existimet,
1799 1090 1995 1152 videri
2022 1097 2229 1170 potest
2261 1090 2349 1150 ita
2380 1087 2683 1160 statuisse:

449 1191 744 1272 primum,
805 1211 950 1254 aves
1002 1213 1041 1255 a
1091 1195 1396 1277 principio
1452 1195 1784 1256 exercitum
1831 1193 2068 1255 referre
2115 1201 2177 1254 et
2216 1199 2508 1276 quattuor
2559 1191 2682 1252 illas

453 1312 596 1356 aves
642 1314 777 1356 esse
823 1297 1025 1378 gravis
1068 1307 1415 1362 armaturae
1461 1299 1709 1372 militeS,
1751 1296 1963 1378 viginti
2008 1303 2300 1376 quattuor
2340 1314 2493 1357 vero
2540 1313 2681 1356 aves

449 1403 669 1476 postea
725 1399 1196 1479 comparenteS‚'
1255 1422 1290 1464 e
1351 1402 1569 1484 quibus
1630 1400 1855 1461 chorus
1917 1406 2185 1474 constat,
2260 1398 2483 1463 milites
2539 1397 2683 1460 levis

451 1507 795 1561 armaturae
838 1539 922 1550 —
956 1502 1069 1563 nisi
1109 1503 1275 1565 forte
1319 1505 1600 1584 opinatus
1646 1509 1767 1575 est,
1810 1500 1925 1562 has
1970 1517 2114 1563 aves
2158 1519 2225 1562 se
2272 1500 2523 1563 omnino
2568 1519 2685 1562 non

451 1602 780 1664 accinxisse
817 1602 896 1665 ad
921 1623 1188 1687 pugnam
1221 1606 1555 1688 gerendam
1582 1625 1695 1682 —3
1738 1602 1993 1676 deinde,
2036 1602 2171 1664 illas
2206 1611 2497 1685 quattuor
2527 1622 2685 1678 aves,

451 1724 637 1785 quum
697 1723 903 1786 pugna
968 1725 1094 1770 non
1158 1709 1353 1770 visum
1414 1715 1576 1769 esset
1640 1725 1829 1787 opuS,
1912 1703 2231 1768 discedere
2290 1708 2495 1788 jussas
2558 1723 2685 1767 esse

449 1811 552 1872 Vs.
579 1810 721 1871 449.
819 1811 1100 1872 Eundem
1147 1810 1517 1886 Genellium,
1580 1833 1765 1895 quum
1819 1812 2015 1872 altero
2068 1810 2209 1872 loco
2254 1829 2367 1872 nos
2413 1809 2687 1883 edoceat,

451 1912 651 1993 gravis
697 1921 1045 1973 armaturae
1089 1931 1233 1973 aves
1275 1913 1665 1976 descendisse
1704 1915 1782 1976 de
1825 1934 2009 1997 rupe,
2054 1932 2212 1995 quae
2252 1913 2317 1974 in
2358 1912 2687 1992 proscenio

449 2015 662 2092 fuerit,
706 2016 1031 2096 probabile
1075 2022 1170 2075 est
1212 1996 1553 2090 censuisse,
1608 2024 1898 2097 quattuor
1936 2018 2071 2078 illas
2117 2035 2263 2078 aves
2308 2015 2687 2100 orchestram

451 2119 699 2180 omnino
743 2138 868 2180 non
911 2137 1050 2180 esse
1089 2118 1420 2198 ingressas.
1502 2118 1637 2180 Hae
1674 2118 2014 2182 sententiae
2054 2126 2180 2180 tam
2214 2126 2357 2180 sunt
2389 2117 2688 2190 infirmae,

451 2229 516 2282 ut
562 2221 697 2301 plus
751 2222 960 2303 viginti
1013 2220 1353 2283 rationibus
1406 2220 1750 2302 impugnari
1803 2222 2041 2302 possint
2088 2230 2151 2283 et
2191 2221 2403 2282 everti.
2502 2221 2689 2294 Quas,
2736 2288 2738 2312 Ι

448 2331 516 2385 ut
571 2323 821 2385 chartae
878 2343 1236 2406 parcamus,
1307 2343 1435 2389 non
1486 2325 1833 2387 afferemus.
1948 2325 2073 2386 Sed
2116 2343 2242 2386 non
2288 2324 2407 2385 erit
2455 2323 2689 2396 inutile,
2736 2313 2738 2382 ³

446 2426 716 2489 breviter
773 2428 1042 2510 attigisse
1091 2429 1264 2490 illum
1313 2429 1549 2505 locum,
1616 2448 1695 2490 ex
1744 2448 1869 2509 quo
1924 2447 2137 2494 omnes
2186 2427 2343 2490 istae
2398 2425 2689 2488 hariola-

447 2529 644 2592 tiones
677 2532 973 2613 originem
1005 2531 1262 2596 traxisse
1290 2531 1592 2597 videntur.
1654 2533 1968 2615 Leguntur
2000 2533 2104 2595 Vs.
2121 2531 2246 2596 448
2264 2549 2399 2610 sqq.
2426 2527 2691 2590 haecce:
2734 2533 2736 2544 ·

690 2628 992 2702 Ἀκούετε
1045 2630 1161 2717 λεῴ
1181 2652 1196 2668 ·
1255 2629 1415 2707 τούς
1461 2630 1740 2707 ὁπλίτας
1786 2637 2065 2718 νυνμενὶ

699 2731 1144 2816 ἀνελομένους
1193 2727 1411 2798 θῶπλ’
1462 2725 1735 2800 ἀπιέναι
1786 2729 1997 2800 πάλιν
2055 2733 2309 2810 οἴκαδε,

693 2849 964 2902 σκοπεῖν
1005 2828 1067 2902 δ’
1105 2829 1142 2901 ὅ
1189 2858 1254 2900 τι
1301 2829 1390 2900 ἄν
1422 2831 1918 2918 ,προγράφωμεν
1962 2839 2033 2904 ἐν
2076 2847 2210 2909 τοῖς
2260 2833 2634 2910 πινακίοις.

444 2940 614 3004 Haec
675 2940 858 3020 igitur
919 2940 1109 3001 verba
1127 2985 1144 3012 ,
1229 2938 1451 3018 quibus
1515 2938 1718 3019 gravis
1784 2946 2132 3002 armaturae
2196 2938 2417 3002 milites
2476 2937 2693 3002 redire

443 3041 692 3104 domum
741 3042 1064 3123 jubentur,
1121 3050 1354 3104 certum
1399 3042 1638 3115 habeo,
1694 3060 1823 3104 non
1866 3061 1904 3102 a
1944 3061 2255 3123 praecone
2298 3041 2531 3113 avium,
2598 3041 2689 3102 cui

443 3144 625 3224 vulgo
677 3143 1026 3206 tribuuntur
1077 3165 1156 3206 ex
1205 3143 1332 3206 fide
1385 3146 1594 3220 uniuS,
1662 3154 1729 3207 ut
1779 3145 2051 3220 videtur,
2112 3143 2339 3206 codicis
2386 3142 2687 3217 Vaticani,

440 3245 852 3326 pronuntiari,
897 3247 1012 3308 sed
1049 3265 1088 3308 a
1119 3247 1533 3322 Pisthetaero,
1579 3267 1780 3328 neque
1826 3247 1906 3309 ad
1944 3249 2203 3310 chorum
2244 3247 2449 3310 avium
2486 3244 2685 3326 dirigi,
2730 3225 2732 3240 ¹

441 3357 506 3410 ut
560 3348 744 3429 vulgo
800 3357 1102 3426 statuunt,
1163 3348 1274 3413 sed
1331 3349 1414 3411 ad
1468 3351 1669 3413 solum
1718 3349 2100 3431 Euelpidem.
2199 3349 2465 3410 Primum
2522 3349 2685 3410 enim

441 3449 600 3514 ordo
657 3450 898 3512 dicendi
946 3452 1076 3533 jam
1135 3459 1228 3514 est
1281 3452 1447 3531 apud
1489 3452 1965 3530 Pisthetaerum3
2026 3452 2251 3513 deinde
2294 3469 2487 3512 nexus
2530 3468 2683 3510 sen-

442 3555 766 3616 tentiarum
809 3562 1138 3631 monstrat,
1182 3555 1347 3617 bunc
1386 3554 1603 3616 similia
1639 3555 1847 3616 dicere
1882 3555 2115 3616 debere
2158 3561 2343 3634 atque
2384 3551 2509 3612 hoc
2542 3551 2681 3613 loc-o
2728 3637 2730 3642 .

439 3655 664 3735 scripta
706 3656 1023 3737 leguntur3
1072 3675 1264 3736 porro
1308 3662 1567 3737 propter
1608 3655 1975 3718 vocabulum
2018 3651 2505 3740 προγράφωμεν
2549 3654 2682 3716 fieri

437 3774 564 3816 non
627 3763 866 3836 potest,
941 3763 1008 3818 ut
1063 3757 1224 3818 haec
1282 3757 1477 3818 verba
1532 3756 1827 3838 praeconi
1887 3757 2262 3832 tribuantur,
2340 3757 2452 3818 sed
2512 3757 2679 3820 ducis

437 3859 625 3940 ipsius
687 3855 1012 3921 credantur
1071 3877 1208 3922 esse
1268 3868 1549 3941 oportet,
1626 3859 1845 3923 ducem
1904 3866 2107 3920 autem
2170 3859 2503 3935 exercitus,
2580 3859 2676 3940 qui

439 3979 586 4022 sane
620 3960 864 4040 quidem
906 3968 1156 4043 praeter
1185 3963 1389 4044 ipsum
1423 3982 1545 4025 uno
1580 3970 1815 4025 tantum
1850 3962 2173 4024 constabat
2206 3961 2422 4037 milite,
2466 3971 2673 4044 aperte

435 4063 850 4128 Pisthetaerus
903 4065 1054 4148 egit,
1116 4073 1184 4128 ut
1225 4085 1304 4128 ex
1342 4066 1447 4141 iis,
1509 4083 1669 4146 quae
1712 4066 2114 4146 praecedunt,
2176 4063 2407 4145 oppido
2456 4064 2671 4145 liquet;
2727 4061 2728 4068 '

438 4165 676 4228 accedit
715 4168 796 4228 ad
837 4166 1025 4244 haec,
1087 4168 1255 4250 quod
1297 4169 1507 4250 paullo
1552 4177 1725 4242 ante,
1787 4168 1892 4229 νε.
1923 4167 2080 4241 435,
2138 4167 2272 4248 ipsa
2314 4167 2669 4232 Pisthetaeri
2724 4241 2726 4250 Ι

436 4275 497 4332 et
557 4267 869 4350 Euelpidis
929 4271 1279 4336 πανοπλία
1340 4277 1889 4344 commemoratur,
1933 4289 2126 4352 ⁸quae
2190 4290 2314 4351 quo
2373 4273 2517 4354 jure
2578 4269 2667 4332 his
2724 4315 2727 4346 3

558 4375 628 4435 Ο

2730 2917 2735 2948 Ι
