2759 5084
992 219 1411 280 ...39-

69 391 200 453 tab.
229 389 430 452 XLIX
473 397 538 452 et
575 391 646 452 L.
675 423 758 440 --
845 390 999 452 Tum
1043 387 1473 470 inquirendum
1530 398 1623 453 est
1670 393 2005 458 secundum
2054 393 2301 460 Pisthe-

67 503 346 567 taerum,
387 492 492 566 τίς
529 489 698 559 ποθ’
739 485 786 575 ἦ
818 489 1096 577 λόφωσις
1133 487 1176 576 ἦ
1215 493 1350 560 τῶν
1392 483 1635 576 ὅρνέων
1646 517 1670 571 3
1713 495 2079 579 Conspirant
2116 502 2181 562 in
2222 520 2305 563 eo

63 595 186 656 viri
233 595 430 668 docti,
489 600 558 655 ut
613 589 894 678 λόφωσιν
949 595 1154 657 avium
1203 595 1417 656 cristas
1462 594 1808 678 significare
1858 601 2131 664 credant.
2226 604 2305 664 Et

62 699 284 758 cristas
346 695 582 757 habere
639 702 764 757 tem
818 695 1042 779 gallum
1094 696 1497 779 gallinaceum
1550 716 1733 780 quam
1797 719 2095 784 upupam,
2164 723 2303 766 eum

57 799 230 860 inter
273 819 484 862 omnes
529 806 795 874 constat,
857 806 984 861 tum
1001 845 1018 874 ,
1077 800 1130 862 si
1170 797 1575 876 nesciremus,
1637 820 1715 864 ex
1754 801 1875 865 hac
1916 803 2053 884 ipsa
2090 805 2301 868 sabula

55 921 390 983 possemus
427 902 693 980 discere;
735 902 874 964 vide
913 902 992 965 de
1033 903 1144 966 illo
1187 904 1290 966 Vs.
1318 901 1483 965 1366
1516 909 1580 965 et
1607 903 1750 981 487,
1796 903 1875 966 de
1910 905 2033 970 hac
2070 908 2175 970 Vs.
2197 909 2300 970 94.

52 1008 198 1067 Jam
235 1005 288 1068 si
322 1006 456 1086 quis
487 1005 814 1068 attenderit
849 1005 932 1068 ad
963 1007 1058 1082 id,
1104 1005 1272 1087 quod
1301 1006 1411 1068 Vs.
1428 1005 1553 1068 487
1585 1006 1729 1088 galli
1764 1007 2085 1089 gallinacei
2118 1009 2301 1072 crista

53 1117 231 1171 recta
273 1109 614 1190 appellatur
657 1108 1011 1193 κυρβασία,
1051 1109 1116 1172 h.
1145 1129 1199 1172 e.
1225 1109 1383 1171 tiara
1411 1116 1609 1185 recta,
1652 1111 1899 1190 qualem
1929 1131 2111 1195 reges
2137 1113 2297 1174 Per-

53 1229 267 1274 sarum
323 1211 678 1294 gestabant,
749 1209 930 1272 facile
983 1209 1100 1272 sibi
1155 1210 1220 1272 in
1277 1212 1547 1273 animum
1604 1212 1883 1288 inducat,
1952 1220 2021 1276 ut
2083 1216 2297 1278 cristas

52 1314 266 1375 avium
315 1315 556 1376 referre
608 1315 798 1375 tiaras
815 1360 830 1387 ,
887 1321 950 1375 et
1003 1311 1128 1374 hoc
1181 1313 1425 1376 musicis
1476 1315 1795 1396 proprium
1850 1316 2035 1382 fuisse
2086 1319 2299 1400 capitis

48 1417 453 1499 tegimentum
467 1463 485 1492 ,
528 1423 770 1480 statuat.
853 1418 932 1479 Et
970 1417 1254 1498 profecto
1268 1462 1284 1490 ,
1331 1416 1457 1479 hoc
1496 1417 1643 1499 pilei
1684 1437 1913 1500 genere
1950 1421 2015 1480 in
2056 1421 2297 1482 Asianis

45 1520 320 1580 maxime
371 1520 722 1582 nationibus
772 1540 888 1583 usu
937 1521 1248 1596 veniente,
1304 1517 1443 1580 fieri
1486 1520 1737 1584 omnino
1778 1539 1905 1584 non
1946 1539 2135 1604 posse
2152 1569 2168 1597 ,
2228 1529 2295 1584 ut

45 1623 322 1685 musicos
367 1621 688 1686 credamus
740 1642 886 1686 usos
932 1642 1098 1698 esse,
1155 1623 1259 1685 vix
1309 1622 1721 1698 contenderit,
1782 1623 1887 1705 qui
1928 1624 2291 1698 meminerit,

45 1733 249 1787 artem
305 1725 466 1789 tibiis
521 1724 782 1788 canendi
834 1726 1100 1806 primum
1153 1724 1233 1786 ab
1277 1725 1517 1786 Asianis
1576 1743 1713 1786 esse
1752 1726 2062 1788 inventam
2102 1735 2287 1806 atque

43 1829 358 1890 excultam
418 1837 478 1890 et
532 1827 634 1890 vel
692 1829 998 1890 Alcmanis
1053 1833 1282 1908 poetae
1341 1826 1723 1907 temporibus
1780 1828 1845 1890 in
1906 1827 2165 1890 Graecia
2224 1837 2293 1891 ut

35 1931 378 2010 plurimum
436 1931 518 1990 ab
571 1930 810 1991 Asianis
863 1929 1060 1992 servis
1113 1932 1215 1993 vel
1271 1931 1667 1995 mercenariis
1722 1931 2087 2009 exercitam3
2144 1932 2287 1994 vide

32 2035 191 2096 libri
219 2033 634 2109 Muelleriani,
679 2053 803 2114 quo
837 2031 916 2094 de
943 2033 1214 2096 Etruscis
1251 2035 1561 2114 exposuit,
1604 2033 1741 2096 Vol.
1762 2034 1838 2097 Π.
1880 2055 1943 2115 p.
1970 2033 2089 2097 201
2122 2055 2287 2114 sqq.;

34 2145 234 2218 atque
279 2139 575 2200 citharam
619 2143 682 2198 et
719 2135 932 2198 vocari
973 2127 1252 2201 Ἀσιάδα
1297 2143 1358 2196 et
1398 2136 1463 2196 in
1502 2135 1697 2220 Lydia
1749 2139 2015 2219 pri-um
2056 2155 2285 2218 reper-

30 2251 170 2303 tam
217 2241 386 2303 credi
399 2288 416 2316 ,
477 2241 588 2302 cfr.
629 2256 792 2320 quae
831 2244 1276 2319 congesserunt
1321 2237 1693 2320 interpretes
1736 2240 1816 2300 ad
1856 2241 2285 2326 Aristophanis

30 2342 594 2424 Thesmophoriaz.
651 2341 756 2403 Vs.
801 2340 954 2413 120,
1017 2340 1236 2420 quibus
1293 2341 1457 2404 adde
1512 2345 1715 2405 locum
1771 2344 2033 2408 Diodori
2078 2349 2138 2423 1,
2184 2350 2283 2412 16.

27 2448 112 2508 Ut
169 2445 438 2525 reliquus
480 2444 854 2507 musicorum
891 2444 1146 2504 vestitus
1203 2450 1389 2523 atque
1436 2452 1686 2506 ornatus
1706 2445 1873 2526 -jure
1926 2446 2009 2508 ad
2048 2449 2285 2511 Asiati-

28 2566 182 2608 cum
225 2545 492 2630 refertur
535 2545 866 2626 originem,
909 2543 996 2605 ita
1039 2543 1248 2624 quidni
1291 2551 1651 2619 statuamus,
1694 2543 1833 2605 fieri
1873 2547 2175 2626 potuisse,
2214 2559 2283 2612 ut

27 2650 234 2712 etiam
289 2648 501 2728 capitis
555 2647 952 2730 tegimentum
999 2646 1238 2708 Asianis
1286 2646 1609 2728 proprium
1662 2653 1831 2708 certe
1880 2653 2034 2723 tum,
2094 2669 2281 2732 quum

20 2753 230 2834 pleno
289 2758 350 2812 et
399 2750 672 2833 legitimo
731 2756 952 2810 ornatu
1009 2768 1164 2829 opus
1222 2757 1415 2823 esset,
1476 2749 1841 2812 retineretur
1894 2770 1933 2812 a
1986 2755 2231 2816 musicis
2247 2761 2279 2817 ’ἒ

19 2855 276 2914 Verum
329 2853 492 2914 enim
544 2871 696 2914 vero
750 2851 910 2912 haec
961 2869 1331 2931 quamquam
1400 2851 1603 2932 primo
1671 2852 1887 2914 obtutu
1944 2871 2279 2937 sanequam

17 2957 326 3040 speciosa
378 2973 515 3014 esse
558 2953 860 3014 sententia
903 2951 1172 3027 videtur,
1231 2971 1368 3014 cum
1413 2953 1545 3014 aliis
1592 2953 1929 3016 rationibus
1972 2963 2037 3018 et
2074 2960 2277 3020 ratio-

18 3056 446 3124 cinationibus
499 3053 746 3136 infringi
794 3060 1030 3136 potest,
1087 3060 1214 3114 tum
1257 3071 1399 3116 eam
1440 3057 1525 3118 ob
1567 3073 1845 3118 caussam
1898 3059 2065 3120 omni
2108 3069 2279 3122 caret

11 3157 592 3231 verisimilitudine,
654 3157 823 3238 quod
877 3156 1024 3238 pilei
1077 3155 1228 3218 illud
1281 3174 1475 3237 genus
1528 3176 1731 3238 neque
1788 3177 1827 3220 a
1874 3160 2275 3242 scriptoribus

14 3263 350 3330 veteribus
393 3267 910 3322 commemoratur
951 3266 1242 3338 tauquam
1275 3258 1645 3321 musicorum
1682 3264 2027 3342 proprium,
2070 3283 2273 3346 neque

0 3373 78 3433 in
109 3366 272 3428 artis
304 3364 590 3444 operibus
621 3362 1016 3443 conspicuum
1041 3367 1135 3422 est
1163 3378 1431 3440 unquam
1456 3362 1519 3420 in
1556 3363 1853 3442 capitibus
1880 3368 2271 3430 musicorum.

2 3471 364 3548 Utriusque
395 3466 638 3548 generis
671 3463 1020 3525 testimonia
1056 3461 1309 3535 docent,
1355 3481 1621 3524 coronas
1656 3472 1762 3526 aut
1792 3485 1971 3528 veras
2002 3476 2111 3529 aut
2138 3479 2271 3530 arte

1 3577 227 3636 factas
282 3577 388 3632 aut
437 3575 730 3648 utrasque
777 3565 958 3627 simul
1009 3563 1112 3646 (de
1159 3584 1282 3645 quo
1324 3573 1643 3647 postremo
1688 3566 1797 3628 cfr.
1841 3569 2015 3632 verbi
2058 3589 2272 3634 caussa

0 3683 182 3741 Stat.
204 3672 402 3734 Theb.
424 3671 534 3745 Ἦ,
560 3667 702 3750 366)
746 3667 1066 3749 proprium
1100 3668 1473 3732 musicorum
1502 3669 1715 3750 capitis
1748 3679 2029 3736 ornatum
2062 3674 2269 3742 fuisse.

0 3783 199 3860 Ergo
270 3771 494 3854 aliquis
571 3770 832 3843 dixerit,
913 3770 1268 3832 verosimile
1334 3790 1475 3834 esse
1493 3819 1509 3847 ,
1594 3773 2071 3856 Aristophanem
2136 3778 2263 3839 cri-

0 3881 134 3944 stis
193 3875 318 3938 illis
377 3884 486 3938 aut
534 3876 650 3938 has
705 3891 970 3937 coronas
1027 3876 1531 3953 repraesentari,
1570 3885 1677 3940 aut
1728 3878 1917 3956 nihil,
1972 3879 2262 3941 voluisse.
2302 3911 2311 3920 ·

0 3982 266 4056 Audio;
321 3980 439 4042 sed
478 3980 606 4041 hoc
648 3997 860 4040 verum
905 3995 1042 4039 esse
1086 3995 1246 4058 nego
1293 3994 1367 4038 ac
1410 3995 1719 4060 pernego,
1779 3980 1967 4056 illud,
2026 3980 2262 4058 dubito,

0 4105 171 4150 num
215 4081 544 4165 probabile
587 4088 694 4142 aut
735 4086 944 4162 aptum
987 4079 1084 4141 sit.
1171 4079 1354 4156 Quid,
1399 4079 1453 4140 si
1498 4099 1711 4143 omnes
1749 4081 1891 4144 illas
1940 4099 2085 4145 aves
2125 4107 2263 4148 mm

0 4191 314 4252 cristatas
378 4186 715 4268 productas
775 4203 914 4246 esse
981 4182 1366 4246 dixerimus?
1451 4183 1590 4247 Hoc
1656 4193 1886 4248 certum
1945 4192 2069 4262 est,
2136 4207 2261 4250 non

0 4307 247 4352 ›mnes
289 4288 574 4350 cristatas
618 4286 956 4368 productas
1003 4303 1158 4347 esse.
1242 4285 1338 4346 Dc
1383 4303 1459 4348 ea
1501 4286 1789 4368 quidem,
1854 4305 2015 4368 quae
2056 4311 2261 4356 κατω-
