2759 5084
1365 175 1787 240 ...52-

457 348 820 420 citharistas.
903 352 1023 412 Pro
1081 349 1306 412 eadem
1361 349 1669 410 sententia
1708 348 1868 420 haec
1920 349 2153 412 faciunt
2210 353 2489 410 accurate
2530 367 2662 428 per-
2711 395 2712 414 1

455 467 676 532 pensa,
731 451 819 512 ita
860 451 1110 532 quidem
1127 499 1142 526 ,
1207 460 1277 514 ut
1317 451 1501 514 simul
1544 469 1759 514 omues
1798 452 2067 534 scrupuli
2110 451 2479 523 adimantur,
2532 467 2665 530 quos

457 569 710 616 movere
755 554 890 635 quis
933 555 1134 637 possit
1188 561 1555 637 propterea,
1630 553 1800 635 quod
1858 553 2147 616 tibiarum
2210 551 2467 614 similem
2506 571 2664 612 men-

457 655 688 717 tionem
745 657 977 719 nullam
1043 658 1294 720 omnino
1351 656 1633 718 videmus
1692 656 1939 720 factam.
2025 655 2189 730 Quid
2246 654 2451 716 enim?
2530 655 2664 716 Num
2711 641 2712 680 ³

451 759 632 822 tibias
709 778 837 822 non
895 761 1140 823 venisse
1201 761 1266 824 in
1331 765 1731 840 conspectum
1800 759 2096 822 credibile
2166 761 2303 840 est?
2430 757 2493 819 si
2550 756 2665 836 quis
2711 775 2712 796 ἒ

453 881 670 925 eorum
709 865 1113 940 meminerit,.
1154 883 1316 946 quae
1378 881 1569 944 supra
1614 862 1693 924 de
1736 869 1947 924 rostro
1989 862 2287 925 lusciniae
2327 859 2559 922 duobus
2596 878 2666 918 ex
2711 945 2712 954 ἵ

451 968 718 1030 verubus
761 978 1080 1032 constante
1122 976 1262 1031 sunt
1303 967 1565 1042 monita,
1608 965 1661 1029 is
1702 965 1915 1040 facile,
1978 966 2237 1047 opinor,
2296 983 2333 1026 a
2376 983 2447 1026 se
2486 965 2667 1043 impe-

451 1068 668 1145 trabit,
729 1079 796 1132 ut
837 1072 1080 1147 credat,
1145 1071 1330 1134 etiam
1369 1070 1556 1132 trium
1597 1067 1823 1130 horum
1882 1069 2060 1131 chori
2102 1066 2420 1131 tibicinum
2458 1085 2667 1148 organa
2711 1055 2712 1070 ³

451 1173 684 1236 musica
738 1174 931 1238 fuisse
995 1175 1138 1236 loco
1195 1181 1561 1235 rostrorum.
1670 1173 1769 1236 Ad
1822 1191 2008 1254 quam
2048 1191 2182 1234 rem
2238 1171 2489 1254 egregie
2530 1187 2669 1250 qua-

451 1276 617 1350 drat,
679 1279 849 1358 quod
909 1287 1032 1340 tam
1073 1296 1154 1338 ex
1205 1278 1387 1339 certis
1433 1275 1801 1358 quibusdam
1844 1274 2233 1348 testimoniis,
2292 1274 2407 1334 cfr.
2448 1275 2549 1336 Vs.
2584 1270 2669 1344 62,
2711 1293 2712 1316 ἢ

447 1378 548 1452 99,
595 1377 738 1452 308,
784 1397 968 1459 quam
1011 1399 1090 1440 ex
1131 1397 1211 1440 eo
1235 1426 1250 1452 ,
1295 1378 1467 1460 quod
1508 1377 1583 1452 ii,
1628 1377 1733 1458 qui
1774 1377 2107 1457 loquuntur
2148 1376 2249 1436 vel
2294 1383 2533 1450 canunt,
2576 1393 2667 1437 ore
2711 1449 2712 1460 χ

449 1487 666 1561 aperto
735 1499 891 1562 opus
963 1481 1229 1556 habent,
1290 1480 1619 1564 probabile
1680 1478 1783 1553 fit,
1860 1497 2008 1540 aves
2084 1478 2166 1540 ad
2230 1473 2419 1540 unam
2476 1495 2667 1540 omnes

447 1583 664 1646 rostris
707 1584 1018 1665 praeditas
1061 1584 1253 1646 fuisse
1297 1581 1548 1666 apertis.
1635 1581 1822 1656 Quod
1881 1601 2066 1662 quum
2110 1581 2195 1642 ita
2239 1589 2408 1644 esset
2446 1581 2669 1643 instita·
2711 1587 2712 1600 ¹

450 1693 578 1746 tum
598 1732 614 1761 ,
675 1689 899 1750 mirum
942 1687 1189 1764 fuisset,
1250 1689 1302 1750 si
1343 1685 1514 1748 solus
1560 1683 1933 1767 gallinaceus
1954 1730 1969 1759 ‚
2016 1682 2327 1763 quamvis,
2382 1684 2439 1745 si
2478 1692 2669 1746 nostra
2711 1677 2712 1696 *

447 1790 750 1851 sententia
793 1808 944 1852 vera
1007 1798 1118 1866 est,
1181 1797 1395 1871 utpote
1454 1786 1769 1851 citharista
1809 1787 2065 1866 proprie
2124 1805 2340 1850 carere
2394 1787 2712 1878 potuisset}

449 1899 654 1953 rostro
715 1901 934 1974 aperto
953 1939 970 1970 ‚
1024 1894 1090 1956 id
1147 1894 1469 1954 habuisset
1530 1893 1819 1956 clausum.
1904 1891 2079 1956 Unde
2150 1893 2385 1954 factum
2442 1901 2559 1966 est,
2618 1883 2712 1954 ut}

446 1993 760 2071 tibiarum,
823 1996 928 2058 ubi
991 1997 1070 2058 de
1115 1996 1330 2059 avibus
1375 1995 1655 2057 tibicines
1720 1995 2043 2078 agentibus
2086 2015 2291 2058 sermo
2336 2003 2465 2070 est,
2526 1993 2669 2054 nulla
2711 1991 2712 2004 ¹

445 2096 523 2157 sit
564 2098 787 2180 injecta
829 2101 1088 2176 mentio,
1135 2108 1197 2160 et
1237 2098 1374 2160 vice
1420 2115 1625 2172 versa,
1672 2097 1777 2158 ubi
1822 2097 1901 2158 de
1944 2097 2259 2163 citharista
2300 2099 2517 2178 agitur,
2559 2097 2671 2158 hu—
2711 2111 2712 2114 ’

440 2199 540 2282 jus
603 2208 872 2263 rostrum
929 2220 966 2262 a
1025 2200 1282 2282 reliquis
1341 2199 1655 2262 diversum
1710 2219 1849 2262 esse
1865 2248 1880 2275 ,
1950 2219 2078 2262 non
2134 2201 2211 2262 sit
2264 2199 2671 2283 significatum.

445 2303 672 2366 Contra
731 2303 924 2386 gallus
989 2304 1359 2385 gallinaceus
1419 2319 1629 2364 seeum
1686 2300 1933 2364 ferebat
1986 2303 2285 2364 citharam
2337 2305 2441 2366 vel
2496 2303 2670 2387 lyram
2711 2373 2712 2384 ἶ

443 2407 559 2488 ipsi
604 2405 706 2468 uni
747 2407 1084 2488 propriam.
1170 2409 1264 2470 Ea
1313 2406 1501 2489 igitur
1556 2405 1703 2486 quin
1744 2405 2127 2467 Pisthetaero
2192 2423 2413 2468 ansam
2456 2403 2675 2467 dederit
2711 2387 2712 2394 ἵ

446 2510 821 2592 quaerendi:
879 2509 983 2585 τίς
1025 2506 1174 2576 ποτ’
1217 2503 1344 2578 ἔστ’
1386 2503 1421 2574 ὁ
1467 2505 1927 2594 μουσόμαντις
1972 2507 2171 2594 ὄρνις,
2212 2529 2420 2592 neque
2463 2527 2672 2570 secun-

447 2614 591 2673 dum
632 2612 795 2674 hane
835 2615 1368 2678 ratiocinationem
1412 2611 1620 2673 licebit
1662 2611 1967 2673 dubitare.
2711 2605 2712 2626 *

448 2782 808 2834 Continuat-u·
841 2781 1249 2834 demonstratio.
1326 2781 1611 2844 Probatur,
1648 2783 2127 2854 phoenicopterum
2152 2785 2415 2836 cecinisse
2448 2783 2509 2838 τό
2531 2790 2671 2850 ἐμβα-

445 2867 623 2942 τήριον
661 2877 716 2922 et
747 2865 871 2929 τούς
909 2873 1129 2928 ἓξοδίους
1165 2867 1365 2930 νόμους.
1434 2872 1627 2938 Agitur
1664 2876 1731 2924 de
1782 2875 1959 2942 patria
1994 2880 2247 2942 quattuor
2303 2877 2480 2926 aviam
2530 2878 2672 2926 musi·
2711 2935 2712 2938 Ἰ

445 2980 538 3014 cos
575 2963 847 3030 agentium
885 2961 1056 3029 deque
1094 2959 1296 3012 caussis
1333 2977 1431 3010 eur
1465 2961 1595 3012 illae
1631 2963 1779 3030 ipsae
1814 2966 2107 3032 productae
2142 2965 2269 3014 sint.
2347 2964 2672 3016 Demonstra-

445 3057 553 3109 tur‚
591 3051 791 3116 gallum
823 3049 1180 3117 gallinaceum
1215 3050 1330 3116 lyra
1361 3067 1514 3100 usum
1554 3067 1688 3102 esse.
1764 3051 2087 3102 Tractautur
2122 3053 2332 3120 aliquot
2365 3055 2498 3104 artis
2529 3071 2675 3124 opera

443 3138 644 3206 gallum
692 3139 1050 3206 gallinaceum
1099 3139 1359 3190 musicum
1397 3141 1875 3209 repraesentantia.
1948 3141 2141 3208 Agitur
2182 3143 2251 3192 cle
2307 3144 2530 3202 ordi-e,
2580 3161 2676 3210 qno

443 3229 715 3296 prodeunt
749 3243 874 3278 sves
891 3263 908 3288 ,
960 3225 1134 3295 deque
1175 3228 1323 3278 varia
1361 3244 1544 3278 earum
1596 3235 1772 3282 aetate
1820 3237 1983 3298 atque
2018 3231 2402 3284 calceamento.
2478 3233 2677 3284 verosi·

837 3316 966 3368 r'nile
997 3316 1245 3369 redditur
1263 3354 1282 3378 ,
1331 3315 1586 3369 tibicines
1614 3317 1732 3386 jam
1766 3318 1992 3370 scabilla
2028 3327 2285 3388 gestasse.

609 3423 760 3488 Cum
801 3425 907 3500 iis,
951 3443 1112 3506 quae
1154 3425 1344 3487 modo
1388 3425 1707 3489 effecimus
1752 3425 2147 3507 disputando,
2192 3428 2477 3510 apprime
2532 3425 2712 3492 con-³

443 3528 606 3590 venit
622 3575 639 3604 ,
693 3529 863 3610 quod
919 3549 1141 3592 sonum
1199 3529 1463 3590 similem
1520 3530 1593 3590 iis
1655 3532 1938 3606 vocibus,
2010 3551 2163 3612 quas
2228 3533 2359 3594 edit
2413 3532 2681 3614 phoeni—

441 3639 726 3712 copterus
768 3633 874 3693 Vs.
915 3631 1068 3706 267,
1130 3631 1318 3694 tibiae
1363 3637 1609 3694 cantum
1650 3634 1889 3696 referre
1946 3635 2049 3696 Vs.
2084 3634 2211 3696 260
2248 3641 2315 3696 et
2361 3635 2520 3711 262,
2559 3637 2679 3719 jam

441 3753 627 3816 supra
671 3734 1042 3815 conjecimus
1085 3734 1168 3796 de
1207 3733 1465 3798 luscinia
1506 3736 1901 3801 disserentes.
1990 3736 2115 3800 Sed
2158 3737 2455 3800 differunt
2486 3727 2712 3804 tamen]

436 3836 560 3898 hae
603 3835 900 3899 lusciniae
957 3845 1022 3899 et
1081 3836 1557 3921 phoenicopteri
1614 3860 1799 3904 voces
1868 3841 2271 3922 aliquatenus.
2394 3840 2523 3914 Qui
2567 3859 2712 3922 easw

438 3959 594 4021 quas
635 3940 740 4003 hic
801 3939 1049 4013 emittit,
1114 3941 1603 4007 consideraverit
1658 3946 2001 4006 accuratius
2021 3992 2035 4018 ,
2100 3945 2264 4006 duos
2310 3931 2712 4024 anapaestos}

439 4044 684 4106 efficere
741 4042 1032 4125 reperiet.
1127 4045 1288 4107 Ecce
1363 4048 1471 4110 tibi
1536 4067 1671 4109 rem
1726 4055 1943 4110 notatu
2010 4047 2341 4109 admodum
2404 4045 2712 4129 dignam&

437 4149 652 4229 Neque
697 4149 862 4209 enim
906 4149 1157 4212 dubium
1201 4151 1465 4227 videtur,
1508 4153 1657 4232 quin
1700 4150 1819 4212 illis
1864 4151 2119 4214 vocibus
2162 4151 2563 4215 contineatur
2606 4145 2712 4222 id,}

435 4251 604 4330 quod
649 4251 884 4314 Graeca
943 4253 1162 4336 lingua
1205 4253 1637 4336 appellabatur
1692 4250 1771 4322 τό
1832 4249 2261 4339 ἑμβατὴρὶον.
2342 4253 2521 4334 Ergo
2562 4254 2712 4320 hoc?
