2759 5084
977 213 1403 276 ...23-

98 388 336 466 aliquam
395 384 884 466 conjunctionem
937 381 1188 446 finalem
1243 391 1305 447 et
1355 403 1476 465 pro
1528 383 1831 449 infinitivo
1872 385 1999 471 κροῖ
2003 409 2115 453 ναι
2158 405 2321 448 eon-

90 489 398 571 junctivum
441 507 522 550 ex
555 489 986 571 conjunctione
1021 487 1128 548 illa
1159 486 1555 568 pendentem.
1640 487 1932 551 Habebat
1966 487 2069 550 ille
2101 489 2319 570 procul

94 590 256 652 dubio
293 589 420 652 hoe
460 607 616 670 prae
659 590 888 652 oeulis:
1590 578 1600 588 ¹

40 767 42 784 Ι
285 686 371 756 οὐ
421 693 643 758 ταῦτα
694 682 949 781 ταύτῃ,
1003 691 1176 756 Mol
1189 683 1244 774 ρ’
1293 685 1519 766 ὅπως
1564 689 1959 778 τιλσσφόρος

40 799 42 890 ξ
287 783 587 878 κράνη,
647 793 1011 874 πέπρωται.

89 897 154 956 Et
198 897 279 956 sic
332 894 681 977 legendum.
787 892 952 968 Quid
1007 892 1405 979 τελεσφόρον
1460 895 1755 977 κραίνειν
1814 898 2051 973 valeat,
2118 903 2315 965 seho-

91 1000 269 1060 liastes
311 998 484 1060 haud
522 999 732 1080 inepte
775 997 1084 1060 vocabulo
1120 999 1366 1088 ταχέως
1406 998 1726 1080 signifieat.
1809 1000 1949 1062 Non
1984 1020 2139 1083 opus
2176 1023 2315 1066 esse

89 1097 460 1187 τελεσφόροις
523 1101 833 1175 scribere,
913 1101 1016 1162 vix
1077 1105 1174 1162 est
1233 1099 1400 1180 quod
1465 1119 1789 1180 moneam3
1866 1105 1981 1167 sed
2038 1123 2117 1165 ne
2178 1107 2315 1186 quis

90 1213 265 1285 putet,
339 1204 422 1267 ad
482 1205 608 1266 hoe
671 1203 900 1265 ducere
961 1195 1364 1288 τελεσφόρων
1428 1204 1612 1280 illud,
1689 1205 1858 1288 quod
1918 1208 1982 1268 in
2044 1207 2313 1272 editione

38 1309 40 1314 ’
87 1309 274 1370 Aldina
307 1305 452 1384 est,
511 1314 805 1390 reputare
853 1306 1080 1389 jubeo,
1144 1313 1296 1385 quot
1348 1306 1589 1370 mendis
1641 1308 2103 1392 typographicis
2154 1310 2315 1373 haee

38 1357 41 1498 ἒ
88 1415 147 1474 sit
180 1413 506 1493 inquinata.
603 1412 674 1473 111
717 1410 932 1474 codiee
977 1410 1244 1474 vindob.
1271 1413 1356 1486 ιΒ.
1403 1420 1497 1474 est
1539 1414 1739 1497 μοίρᾳ
1784 1437 1889 1478 πω
1932 1411 2317 1500 τελεωόρῳ,

88 1514 227 1593 quod
265 1517 492 1596 ipsum,
539 1513 798 1576 credere
843 1513 1062 1594 aliquis
1104 1513 1307 1595 primo
1353 1513 1574 1578 obtutu
1616 1514 1844 1595 possit,
1887 1515 2087 1576 veteri
2115 1515 2313 1578 scho-

38 1607 41 1704 ἶ
88 1619 266 1678 liastae
317 1616 548 1679 lectum
602 1615 813 1679 fuisse.
913 1615 1038 1678 Sed
1084 1615 1326 1697 injuria.
1426 1617 1564 1677 Non
1607 1614 1965 1697 reperiebat
2004 1616 2108 1678 ille
2148 1638 2312 1701 pro-—

89 1720 222 1781 fecto
279 1720 578 1800 scriptum
637 1712 930 1796 οΰ-πω,
1013 1718 1183 1799 quod
1244 1737 1360 1780 nee
1424 1718 1578 1779 ferri
1638 1718 1765 1778 ullo
1830 1715 2021 1778 modo
2087 1725 2311 1799 potest.

38 1863 40 1874 ·
88 1825 174 1884 Est
219 1823 319 1885 illa
362 1823 532 1886 docti
587 1823 842 1904 alicujus
893 1821 1132 1884 librarii
1187 1811 1541 1883 emendatio
1584 1818 1895 1902 vulgatam
1948 1820 2311 1905 scripturam

89 1926 232 1987 nihili
274 1945 416 1988 esse
455 1925 868 2008 intelligentis.
905 1957 992 1974 —·

38 2111 41 2216 ν
1114 2243 1284 2326 X..

654 2409 931 2461 Profertur
983 2409 1304 2480 conjectura
1347 2410 1403 2458 in
1454 2407 1547 2460 Vs.
1590 2404 1719 2458 683.

36 2491 39 2636 ἑ
271 2547 812 2639 Ἀπροοδὸκητος
861 2549 924 2621 δ’
968 2548 1180 2621 αὐτὸν
1232 2550 1569 2636 αἰφνίδιος
1622 2549 1833 2660 μόρος

36 2671 39 2762 ἱ
271 2658 406 2724 τοῦ
463 2659 588 2742 ζῇν
639 2650 1103 2740 ἀπεστέρησεν.

36 2767 39 2860 ξ
93 2771 274 2836 Sermo
319 2775 541 2846 estde
583 2779 770 2861 Argo.
857 2777 1054 2838 Priori
1097 2793 1282 2838 versu
1322 2791 1511 2853 quum
1553 2772 1924 2834 vocabulum
1978 2767 2308 2854 αἰφνίδιος

89 2876 314 2955 synizesi
357 2881 464 2942 vix
517 2899 588 2942 ac
638 2899 720 2941 ne
773 2879 875 2941 vix
927 2877 1179 2959 quidem
1239 2881 1597 2949 excusetur,
1675 2873 1789 2935 sed
1844 2874 2061 2954 procul
2118 2874 2307 2935 dubio

36 2965 39 3098 ,
91 2976 152 3037 de
194 2982 420 3044 mendo
477 2984 913 3064 postulandum
970 2982 1082 3056 sit,
1153 2979 1441 3044 facillima
1496 2976 1746 3057 quidem
1804 2983 1899 3036 est
1955 2975 2309 3058 conjectura

36 3103 38 3170 ᾗ
90 3079 326 3167 Elmsleji
389 3079 694 3166 ἀφνίδιος
759 3083 942 3146 scribi
1002 3080 1314 3166 jubentis,
1394 3081 1460 3140 in
1516 3096 1700 3159 quam
1768 3079 1950 3140 etiam
2010 3097 2107 3140 me
2165 3097 2307 3139 me·—

36 3179 38 3264 j
90 3185 232 3260 mini,
301 3205 492 3268 quum
541 3186 809 3268 primum
871 3187 950 3248 ad
1005 3186 1172 3246 hune
1221 3183 1427 3244 locum
1480 3183 1775 3243 animum·
1809 3182 2074 3256 adverti,
2144 3179 2307 3242 inci-

36 3269 38 3356 Ῑ
88 3287 240 3365 dere,
284 3298 349 3352 at
393 3289 580 3350 dubia
623 3297 848 3350 tamen.
946 3289 1188 3350 Etenim
1239 3305 1431 3366 quum
1469 3305 1595 3346 non
1632 3284 1832 3346 solum
1884 3293 2061 3346 vetus
2108 3283 2306 3348 scho-

36 3365 38 3416 ³
86 3388 262 3453 liastes
313 3394 380 3454 in
435 3380 838 3473 explicatione
882 3393 1063 3475 hujus
1117 3391 1241 3452 loci
1281 3388 1516 3450 habeat
1562 3387 1927 3449 adverbium
1968 3386 2308 3472 ἐξαίφνης,

89 3492 178 3553 sed
214 3495 378 3556 idem
413 3495 782 3557 vocabulum
821 3497 1005 3558 etiam
1041 3497 1105 3557 in
1143 3493 1304 3556 libro
1339 3490 1759 3555 Arundeliano
1794 3508 1981 3571 supra
2018 3493 2307 3572 seriptum

36 3633 38 3640 ·
89 3595 174 3671 sit,
214 3599 354 3680 jure
402 3598 617 3679 aliquis
663 3601 1032 3681 suspicetur,
1091 3595 1455 3661 adverbium
1498 3593 1752 3674 aliquod
1796 3593 2022 3655 eodem
2065 3594 2311 3678 signifi-

91 3705 201 3761 catu
239 3702 619 3783 praeditum,
678 3721 804 3781 quo
847 3703 1192 3784 ἐξαίφνης,
1243 3699 1357 3761 sed
1398 3699 1597 3760 minus
1642 3697 1931 3759 usitatum
1973 3703 2311 3778 notumque

89 3799 136 3860 in
163 3803 323 3866 libris
353 3803 563 3864 fuisse.
641 3805 776 3864 Jam
807 3809 1071 3877 constat,
1118 3803 1421 3864 exstitisse
1453 3801 1720 3862 formam
1750 3798 2029 3862 adverbii
2061 3803 2311 3882 αἰφνη-

89 3899 214 3982 δόν,
266 3904 412 3980 sed,
471 3923 610 3967 eam
661 3905 1214 3968 Alexandrinorum
1265 3904 1486 3978 fuisse,
1540 3902 1888 3965 Lobeckius
1944 3903 2180 3965 monuit
2232 3902 2311 3963 ad

87 4002 388 4092 Phry-nich.
438 4031 500 4092 p.
529 4011 628 4073 19.
731 4010 990 4091 Propius
1037 4010 1223 4072 etiam
1268 4007 1349 4070 ad
1392 4009 1674 4071 codicum
1727 4027 1906 4071 mser.
1949 4009 2312 4089 scripturam

89 4113 301 4176 accedit
342 4115 512 4196 apud
554 4113 930 4197 Hesychium
975 4112 1160 4177 obvia
1201 4113 1339 4175 illa:
1386 4104 1702 4196 ἅφνιδία,
1747 4110 1917 4193 quod
1944 4111 2313 4174 vocabulum

91 4218 391 4291 quominus
453 4217 807 4278 admittatur
826 4266 841 4293 ,
919 4217 1071 4279 nihil
1145 4215 1395 4278 obstare
1465 4215 1727 4277 videtur.
1850 4212 1977 4276 Sed
2032 4210 2314 4294 proximu

94 4319 340 4382 omnium
385 4329 479 4413 egit
520 4321 722 4383 forma
768 4318 1208 4404 αἰφνηδίς,
1252 4316 1647 4393 solummodo
1694 4335 1799 4390 ea,
1846 4323 1911 4379 ut
1952 4313 2148 4376 altera
2191 4313 2313 4390 illa,

2138 4425 2166 4459 t
