2759 5084
1310 200 1774 265 -102—

436 372 555 439 bus
594 390 979 449 sermonem,
1046 360 1151 455 qui
1212 392 1472 459 peregre
1533 374 1895 439 advenerint
1957 375 2180 437 itiitere
2243 374 2443 451 facto,
2507 396 2690 439 nemo

427 478 569 559 jure
613 477 909 539 offendat.
954 508 1035 523 --
1098 476 1223 539 Sed
1266 497 1414 541 ecce
1457 476 1584 542 alia
1627 478 1824 540 oritur
1865 475 2209 539 difficultas.
2291 478 2570 560 Namque
2613 482 2692 543 M.

430 580 506 641 11.
547 582 618 643 Ε.
670 581 941 644 Meierus
994 580 1395 659 Ephemerid.
1455 580 1614 643 liter.
1657 580 1912 643 Halous.
1957 598 2014 641 a.
2061 580 2227 643 1836
2269 599 2482 642 meuse
2517 581 2687 644 Julio

436 682 581 745 edit.
624 702 684 763 p.
722 682 847 745 327
892 690 955 745 et
1012 682 1075 744 C.
1134 684 1207 745 Ο.
1250 682 1586 745 Muellerus
1651 681 1884 744 Histor.
1947 680 2112 743 liter.
2167 681 2386 745 Graec.
2443 682 2584 745 Vol.
2618 685 2691 746 11.

432 803 495 865 p.
526 783 612 849 32
652 804 744 864 sq.
788 804 869 847 ex
908 782 1083 867 lege,
1150 804 1311 865 quae
1369 792 1468 847 est
1523 780 1694 864 apud
1733 783 2218 847 Demosthenem
2261 791 2419 846 orat.
2457 785 2526 847 in
2565 788 2689 849 Mi-

432 886 597 949 diam
641 888 707 969 S.
740 890 837 950 10.
882 908 943 969 p.
978 888 1103 951 517
1142 908 1235 967 sq.
1298 902 1608 968 apparere
1651 884 2065 960 contendunt,
2115 885 2180 947 in
2221 885 2402 951 ln‘dis·
2429 889 2686 951 scenicis

434 988 825 1052 Lenaeornm
864 991 1078 1071 priore
1121 988 1269 1052 loco
1314 996 1484 1051 actas
1529 1006 1672 1051 esse
1715 988 2097 1069 tragoedias,
2159 987 2364 1052 altero
2427 1006 2688 1053 comoe-

434 1090 568 1151 dias
587 1138 603 1166 ,
646 1091 763 1153 sed
803 1091 1193 1154 Liberalibus
1234 1100 1364 1155 tam
1405 1090 1714 1153 ruralibus
1757 1100 1944 1172 quam
1987 1090 2244 1153 urbanis
2283 1092 2532 1155 inverso
2579 1114 2686 1157 or-

432 1191 573 1255 dine
618 1194 1023 1259 antecessisse
1066 1192 1432 1255 comoedias
1454 1240 1469 1269 ,
1535 1200 1781 1255 secutas
1825 1212 1966 1255 esse
2021 1192 2393 1274 tragoedias.
2483 1197 2686 1277 Neque

428 1294 671 1379 injuria,
714 1302 781 1357 ut
809 1295 1069 1359 videtur.
1124 1296 1342 1376 Atqui
1390 1295 1552 1357 Aves
1594 1292 1983 1355 Liberalibus
2021 1294 2272 1359 urbanis
2309 1304 2518 1361 actam
2557 1320 2684 1361 esse

432 1405 689 1462 constat.
772 1398 1025 1479 Ergone
1067 1406 1175 1461 aut
1216 1418 1335 1461 nos
1393 1397 1550 1461 illud
1604 1396 1766 1459 falso
1827 1395 2190 1479 collegimus
2233 1418 2316 1461 ex
2351 1398 2504 1463 loco
2546 1403 2684 1463 Ari-

428 1499 797 1582 stophanio,
844 1507 951 1565 aut
990 1498 1057 1562 hi
1098 1501 1217 1563 viri
1258 1498 1654 1562 celeberrimi
1695 1498 1823 1559 hoc
1867 1516 1946 1559 ex
1987 1498 2128 1579 lege
2166 1501 2492 1583 Euegori?
2555 1504 2682 1565 Non

430 1603 687 1684 opinor,
748 1604 1107 1667 necessario
1152 1603 1241 1665 ita
1280 1601 1676 1665 statuendum
1722 1619 1878 1663 esse.
1968 1600 2197 1677 Quidni
2241 1603 2408 1667 enim
2451 1625 2683 1667 sumere

429 1707 685 1783 licuerit,
726 1707 1207 1788 Aristophanem
1248 1706 1334 1769 ad
1375 1704 1553 1769 solos
1589 1702 1776 1767 ludos
1819 1703 2104 1767 scenicos
2145 1705 2544 1771 Lenaeorum
2575 1728 2678 1771 re-

430 1812 720 1892 spicere?
804 1811 983 1886 Quae
1026 1810 1333 1874 sententia
1374 1811 1430 1871 si
1471 1826 1618 1873 vera
1657 1805 1846 1869 fuerit
1887 1807 2037 1883 visa,
2079 1826 2194 1887 per
2243 1808 2414 1871 hunc
2459 1810 2679 1874 Comici

430 1912 641 1975 locum
688 1912 901 1975 licebit
942 1912 1127 1975 etiam
1171 1915 1329 1977 duos
1379 1912 1528 1975 illos
1548 1959 1565 1987 ,
1631 1908 1736 1991 qui
1783 1916 1926 1971 sunt
1987 1908 2154 1989 apud
2193 1909 2583 1975 Athenaeum
2625 1920 2677 1975 et

428 2012 826 2097 Hesychium,
868 2014 957 2077 ita
1009 2015 1375 2098 intelligere,
1417 2013 1612 2078 modo
1667 2019 1976 2075 statuatur
1996 2058 2012 2087 ,
2069 2012 2518 2077 Philochorum
2561 2036 2675 2079 non

430 2117 653 2193 dicere,
696 2124 827 2179 tum
851 2117 1261 2181 Athenienses
1294 2138 1436 2179 non
1473 2115 1660 2179 ivisse
1695 2120 2040 2194 spectatum
2075 2113 2212 2177 nisi
2237 2108 2674 2202 ἠριστηκότας,

430 2228 555 2281 tum
596 2218 809 2281 vinum
850 2225 915 2281 et
956 2218 1221 2281 bellaria
1264 2218 1598 2299 antiquitus
1639 2216 1704 2277 in
1750 2216 1912 2277 ludis
1962 2216 2222 2280 scenicis
2261 2238 2520 2305 semper
2561 2221 2674 2283 ob·-

428 2322 555 2384 lata
598 2339 755 2384 esse.
854 2320 1141 2401 Denique
1178 2321 1307 2384 hoc
1348 2319 1620 2401 probato
1665 2337 1870 2400 neque
1925 2338 2084 2399 opus
2130 2320 2282 2395 erit,
2341 2322 2673 2403 reprobare

428 2444 526 2501 ea,
565 2442 727 2506 quae
768 2442 885 2487 nos
926 2423 1145 2505 paullo
1186 2440 1375 2504 supra
1418 2422 1686 2489 >diximus
1731 2423 1812 2487 de
1848 2430 2130 2506 tempore
2173 2422 2330 2499 diei,
2375 2444 2507 2504 quo
2545 2431 2672 2487 acta
2713 2434 2715 2518 Q

427 2528 584 2590 Aves
628 2526 961 2589 videretur.
1046 2525 1408 2589 Tenendum
1453 2534 1548 2589 est
1590 2528 1775 2603 enim,
1817 2546 2022 2609 neque
2047 2528 2445 2592 Liberalibus
2487 2529 2672 2591 urba-

425 2632 521 2695 nis
550 2650 588 2693 a
630 2630 970 2693 comoediis
1012 2629 1271 2711 agendis
1304 2628 1548 2691 initium
1589 2638 1836 2711 captum
1877 2648 2033 2707 esse,
2075 2631 2190 2695 sed
2223 2639 2384 2709 sunt,
2432 2639 2500 2694 ut
2533 2632 2670 2714 ipsis

424 2734 629 2797 verbis
671 2739 947 2809 utamur,
990 2750 1155 2813 quae
1195 2732 1333 2813 lege
1374 2730 1488 2793 illa
1531 2732 1942 2809 continentur,
1987 2746 2124 2807 τοῖς
2161 2738 2236 2799 ἐν
2279 2730 2466 2801 ἄστει
2529 2738 2670 2800 Aeo-
2712 2746 2713 2812 ι

422 2834 673 2909 νυοίοις
712 2831 756 2912 ἧ
798 2829 1047 2917 πομπὴ
1088 2831 1196 2898 καὶ
1240 2835 1306 2897 οἱ
1348 2831 1583 2905 παῖδας
1636 2833 1744 2899 καὶ
1787 2826 1822 2899 ὁ
1869 2833 2084 2918 κῶμος
2121 2834 2223 2901 καὶ
2269 2838 2334 2899 οἱ
2377 2835 2667 2920 κωμῳδοὶ

424 2939 530 3005 καὶ
570 2941 635 3003 οἱ
674 2934 1015 3020 τραγῳδοί.
1050 2968 1139 2983 -
1197 2935 1365 3016 Ergo
1413 2952 1618 3015 neque
1659 2935 1838 2997 locus
1901 2933 2378 3015 Aristophanins
2437 2937 2667 2999 videtur
2710 3008 2711 3023 ἶ

423 3038 542 3103 nisi
582 3039 670 3102 ita
713 3037 1107 3120 accipiendus
1152 3056 1307 3112 esse,
1352 3044 1421 3097 ut
1460 3037 1524 3098 in
1565 3036 1728 3099 ludis
1789 3037 2051 3101 scenicis
2077 3034 2502 3101 Lenaeorum
2541 3045 2664 3100 tra·
2709 3026 2711 3107 ἱ

422 3142 679 3227 goedias
724 3148 867 3202 ante
909 3138 1259 3214 meridiem,
1322 3138 1683 3202 comoedias
1723 3148 2009 3221 tempore
2052 3140 2520 3220 pomeridiano,
2575 3142 2664 3203 vel

423 3242 645 3307 saltem
682 3240 821 3305 illas
866 3247 1009 3302 ante
1050 3240 1166 3301 has
1201 3239 1301 3321 agi
1336 3240 1546 3303 solitas
1591 3258 1733 3303 esse
1769 3250 2127 3305 statuamus·
2211 3243 2290 3304 Et
2331 3243 2494 3305 haec
2527 3244 2664 3324 qui-
2708 3316 2709 3319 Ἴ

424 3348 567 3411 dem
600 3364 789 3428 super
816 3344 937 3406 hac
968 3362 1037 3405 re
1076 3343 1305 3407 dixisse
1346 3344 1428 3405 ad
1455 3349 1696 3425 tempus
1729 3345 1878 3406 satis
1911 3345 2142 3409 habeo.
2229 3346 2516 3412 Ceterum
2547 3368 2662 3409 non
2707 3340 2709 3398 l

419 3469 679 3532 possum
716 3448 945 3522 facere,
989 3445 1139 3527 quin
1167 3465 1479 3519 moneam,
1523 3446 1810 3511 Carolum
1845 3448 2226 3512 Fridericum
2253 3450 2660 3513 Hermannum

423 3572 503 3612 ex
540 3550 665 3613 hoc
707 3550 853 3612 loco
896 3549 1159 3611 eandem
1202 3551 1402 3630 ipsam
1447 3548 1864 3630 conjecturam
1909 3551 2166 3631 cepisse,
2209 3551 2330 3613 nisi
2379 3555 2548 3635 quod
2589 3554 2658 3615 de
2706 3602 2707 3623 2

419 3654 579 3716 ludis
643 3652 903 3715 scenicis
968 3653 1361 3713 Lenaeorum
1435 3668 1564 3711 non
1628 3652 2008 3733 cogitaverat
2072 3654 2164 3717 vir
2231 3654 2654 3721 celeberrimus
2705 3624 2707 3692 ¹

418 3756 707 3837 idemque
758 3753 1002 3837 collega
1044 3751 1591 3837 conjunctissimus
1621 3790 1706 3803 --
