2759 5084
1332 201 1751 262 ...58-

437 370 715 451 Denique
761 369 1084 432 Petronius
1127 369 1274 451 galli
1331 377 1579 433 cantum
1622 369 1718 430 his
1772 368 1977 432 verbis
2020 365 2391 454 significavit
2434 371 2681 452 Satyri-

438 471 556 532 con
621 487 756 551 cap.
787 473 904 534 74:
976 469 1288 534 buccinas
1343 471 1610 556 signum
1669 469 1859 533 dedit.
1964 471 2205 546 Quibus
2272 490 2411 536 cum
2468 473 2679 536 verbis

433 572 930 666 componendam
993 591 1132 636 esse
1203 591 1507 655 gemmam
1528 623 1545 651 ,
1616 594 1777 655 quae
1834 583 2298 657 repraesentata
2364 583 2462 638 est
2520 578 2678 638 Mus.

431 674 768 736 Florentia.
814 678 990 737 Tom.
1011 677 1086 751 11,
1131 676 1255 739 tab.
1285 677 1469 752 cxu,
1496 680 1555 753 4,
1593 678 1724 763 jam
1768 679 2159 760 Boettigerus
2202 678 2441 742 monuit
2468 679 2679 761 script.

433 783 577 844 min.
621 781 762 844 Vol.
801 783 883 844 ΠΙ
952 805 1013 864 p.
1041 781 1165 846 462
1221 783 1364 845 adn.
1410 785 1513 847 99.
1596 784 1839 846 Eodem
1894 787 2225 848 referenda
2286 793 2383 848 est
2423 801 2530 859 ea,
2594 783 2677 846 de

433 900 555 966 qua
601 885 757 948 dixit
797 883 1172 948 Toelkenins
1231 884 1272 947 1.
1318 905 1370 948 c.
1416 907 1475 967 p.
1505 888 1650 961 419,
1696 887 1838 962 241,
1884 889 2181 952 exhibens
2238 887 2345 950 illa
2402 887 2679 969 galiina—

431 1005 606 1051 ceum
668 987 830 1050 lituo
895 996 1254 1052 canentem.
1368 990 1585 1070 Neque
1656 997 1859 1052 tamen
1928 991 2357 1053 desiderantur
2418 991 2677 1052 omnino

429 1093 577 1154 artis
621 1091 910 1173 antiquae
953 1109 1146 1174 opera
1165 1139 1182 1166 ,
1247 1110 1410 1172 quae
1454 1093 1801 1174 comparari
1845 1093 2085 1175 possint
2142 1113 2279 1155 cum
2324 1113 2436 1170 eo,
2502 1095 2675 1174 quod

433 1197 553 1258 hac
596 1197 658 1258 in
701 1191 913 1256 fabula
935 1193 1190 1257 finxisse
1232 1195 1711 1277 Aristophanem
1740 1196 2035 1275 vidimus3
2078 1197 2266 1258 immo
2308 1205 2467 1273 sunt,
2512 1214 2677 1276 quae

417 1290 798 1380 propterea,
842 1298 1013 1378 quod
1051 1298 1399 1362 citharistas
1444 1297 1741 1360 exhibent
1780 1308 2185 1373 monstrosos,
2230 1319 2491 1380 quorum
2522 1318 2679 1362 eor-

425 1421 586 1483 pora
651 1421 732 1464 ex
791 1421 914 1463 una
973 1409 1152 1482 parte
1207 1403 1376 1465 viros
1434 1402 1710 1465 referunt
1772 1402 1874 1465 vel
1912 1405 2175 1484 juvenes
2236 1410 2298 1464 et
2352 1418 2429 1464 ex
2474 1401 2674 1463 altera

425 1503 628 1589 gallos
671 1503 1080 1588 gallinaceoS,
1147 1504 1228 1568 ad
1271 1522 1555 1566 normam
1602 1506 1763 1587 ejus',
1820 1505 1990 1585 quod
2031 1504 2133 1566 hic
2176 1511 2365 1585 poeta
2410 1505 2677 1585 excogi-

380 1682 386 1687 ,
425 1617 696 1686 taverat,
742 1609 975 1672 directa
1017 1628 1154 1672 esse
1197 1608 1396 1672 videri
1436 1610 1695 1690 possint.
1780 1609 1913 1672 Una
1959 1608 2267 1692 ejusmodi
2310 1607 2507 1688 figura
2538 1609 2673 1690 jam

427 1714 490 1774 in
539 1713 797 1776 Gorlaei
841 1712 1316 1795 dactyliothece,
1359 1713 1501 1774 Vol.
1536 1711 1611 1774 11.
1654 1710 1800 1773 loco
1846 1711 1989 1786 482,
2034 1718 2499 1791 repraesentata
2542 1719 2675 1785 est3

429 1833 612 1896 quam
669 1815 767 1877 his
830 1815 1035 1877 verbis
1097 1815 1421 1898 descripsit
1472 1815 1743 1878 lacobus
1786 1817 2135 1878 Gronovius
2180 1835 2240 1896 p.
2264 1816 2381 1877 40:
2440 1833 2673 1876 «mon-

425 1925 617 1980 strum
661 1917 892 1980 Sirenis
937 1919 1111 1999 quasi
1167 1917 1384 1993 virilis,
1444 1925 1509 1978 ut
1551 1919 1837 1998 superior
1878 1938 2021 2000 pars
2065 1919 2145 1980 sit
2199 1919 2497 1992 humana,
2556 1919 2675 1980 in-

423 2019 622 2083 ferior
663 2039 743 2080 ex
811 2021 1050 2082 volucri
1109 2018 1477 2102 praesertim
1542 2019 1915 2100 gallinaceo,
1990 2021 2287 2083 citharam
2350 2019 2671 2102 pulsantis,

429 2143 567 2185 cum
626 2124 807 2186 stella
848 2125 914 2186 in
955 2133 1194 2206 tergo».
1280 2123 1455 2183 Duae
1510 2121 1705 2198 aliae,
1750 2141 2009 2204 quarum
2060 2125 2239 2205 prior
2288 2131 2395 2186 aut
2447 2123 2673 2184 eadem

425 2230 518 2285 est
560 2231 745 2305 atque
790 2224 901 2287 illa
953 2231 1059 2286 aut
1101 2229 1270 2284 certe
1326 2221 1668 2298 simillima,
1734 2223 2087 2304 publicatae
2150 2224 2299 2287 illae
2342 2223 2508 2300 libri,
2564 2229 2674 2306 qui

423 2329 776 2393 inscribitur
835 2327 1130 2392 «Cabinet
1195 2325 1274 2386 dc
1338 2325 1575 2405 pierres
1637 2325 1959 2407 antiques»
1984 2375 1999 2402 ,
2074 2326 2197 2388 tab.
2241 2326 2385 2404 230,
2428 2327 2553 2390 482
2612 2337 2679 2390 et

425 2429 974 2497 Montefalconiani
1016 2429 1213 2504 illius,
1271 2427 1368 2490 cui
1414 2427 1493 2488 ab
1538 2427 1902 2509 antiquitate
1946 2426 2250 2510 explicata
2292 2447 2523 2490 nomen
2566 2427 2677 2488 in·—

427 2535 623 2596 ditum
667 2540 786 2609 est,
851 2551 888 2594 a
933 2531 1224 2595 Schatzio
1289 2529 1354 2592 in
1410 2529 1660 2594 brevius
1722 2530 1959 2592 redacti
2022 2531 2146 2593 tab.
2176 2530 2290 2605 42,
2354 2549 2392 2592 a
2441 2533 2675 2594 Vossio

423 2643 722 2699 tractatae
777 2643 920 2696 sunt
981 2634 1221 2716 epistol.
1281 2633 1543 2714 mythol.
1604 2651 1839 2714 argum.
1900 2634 2043 2695 Vol.
2081 2634 2152 2694 11.
2218 2653 2280 2714 p.
2306 2635 2389 2696 59
2456 2636 2557 2696 ed.
2602 2637 2678 2696 11.

423 2741 626 2802 Etiam
669 2739 772 2801 hic
815 2739 910 2801 vir
955 2737 1173 2798 doctus
1221 2735 1469 2798 Sirenas
1527 2736 1839 2796 masculos
1898 2733 2170 2814 agnovit.
2253 2736 2449 2796 Porro
2504 2739 2679 2800 Ger-—

422 2843 680 2906 hardius
722 2839 867 2902 libri
927 2837 1142 2920 paullo
1191 2855 1380 2917 supra
1442 2835 1609 2898 citati
1670 2836 1810 2898 Vol.
1839 2836 1881 2896 l.
1925 2855 1985 2916 p.
2018 2836 2139 2898 100
2184 2841 2247 2896 et
2292 2833 2409 2899 101
2458 2837 2679 2902 adnot.

429 2947 552 3009 139
593 2962 897 3028 gemmam
941 2940 1202 3004 vitream
1248 2940 1783 3014 commemoravit,
1838 2957 1999 3021 quae
2042 2936 2476 3001 citharoedum
2520 2959 2678 3002 cor-

423 3071 538 3130 pus
599 3047 1004 3129 gallinaceum
1065 3044 1401 3106 habentem
1482 3043 1753 3107 exhibet.
1860 3044 2143 3106 Summus
2214 3042 2677 3126 archaeologus

2750 2971 2753 3126 ψ

423 3149 638 3212 itidem
681 3147 909 3230 cogitat
951 3147 1028 3208 de
1074 3145 1393 3209 Sirenibus
1453 3147 1768 3222 masculis,
1832 3165 2105 3229 gemmas
2166 3145 2307 3208 illas
2350 3147 2677 3208 Romanae
2748 3187 2750 3210 ;

425 3269 563 3313 esse
607 3249 865 3332 originis
909 3248 1357 3312 animadvertit.
1456 3248 1737 3329 Denique
1796 3247 2057 3310 similem
2108 3246 2368 3328 figuram
2413 3248 2679 3330 juveni-

425 3354 549 3416 lem
611 3371 749 3414 esse
818 3351 882 3413 in
939 3351 1180 3433 pictura
1256 3352 1527 3432 quadam
1600 3348 2045 3410 Herculanensi
2122 3358 2677 3429 repraesentatam,

427 3464 639 3520 narrat
691 3452 1053 3518 Guilielmus
1107 3453 1372 3518 Bechius
1425 3453 1634 3514 adnot.
1701 3452 1782 3512 ad
1835 3451 2005 3528 libri,
2068 3472 2193 3533 quo
2252 3454 2402 3514 artis
2456 3471 2675 3533 opera,

427 3578 587 3641 quae
633 3577 850 3619 museo
894 3556 1252 3620 Borbonico
1299 3556 1723 3629 continentur,
1782 3553 2099 3634 publicata
2139 3561 2311 3629 sunt,
2367 3553 2507 3616 Vol.
2542 3555 2676 3616 Vll.

425 3662 548 3724 tab.
596 3662 662 3722 L.
707 3661 800 3722 LI.
845 3661 964 3722 Lll.
1008 3679 1068 3740 p.
1093 3659 1153 3721 8.
1238 3655 1531 3740 Ejusdem
1572 3655 1905 3718 voluminis
1948 3657 2012 3718 in
2076 3655 2201 3734 tab.
2234 3656 2339 3718 LII
2389 3659 2677 3720 exhibita

425 3773 524 3828 est
563 3764 770 3846 imago
813 3763 1054 3845 figurae
1097 3759 1469 3839 simillimae,
1512 3763 1623 3826 sed
1666 3761 1813 3824 loco
1860 3759 2135 3822 citharae
2162 3758 2437 3842 geminas
2481 3761 2675 3824 tibias

423 3867 704 3940 manibus
749 3867 1030 3928 tenentis.
1116 3863 1291 3938 Quae
1349 3867 1401 3927 si
1458 3883 1587 3928 non
1646 3872 1943 3938 exstaret,
2006 3861 2144 3923 fieri
2187 3862 2369 3924 facile
2431 3873 2675 3943 posset,

423 3983 492 4038 ut
559 3974 683 4035 illis
770 3965 1138 4050 imaginibus
1223 3968 1581 4051 effingendis
1658 3968 1923 4049 primam
1994 3983 2209 4028 ansam
2297 3965 2674 4044 praebuisse

420 4075 902 4155 Aristophanem
968 4076 1341 4150 putaremus.
1456 4074 1603 4133 Jure
1656 4070 1823 4132 enim
1886 4089 2001 4132 suo
2070 4067 2293 4150 aliquis
2358 4089 2673 4151 quaerere

423 4184 666 4260 posset,
711 4175 814 4257 qui
858 4174 1086 4235 factum
1131 4181 1324 4249 esset,
1384 4181 1453 4236 ut
1504 4175 1673 4236 nulla
1716 4174 2094 4254 reperiretur
2116 4219 2133 4248 ,
2197 4173 2313 4235 uisi
2361 4191 2523 4254 quae
2570 4174 2677 4235 ci-
2742 4161 2744 4178 ²

422 4280 738 4342 tharistam
793 4274 894 4340 vel
947 4276 1372 4340 citharoedum
1441 4283 1953 4358 repraesentaret.
2056 4278 2189 4339 Jam
2256 4275 2410 4336 illud
2468 4277 2671 4337 multo
2740 4351 2742 4368 ἶ
