2759 5084
1349 225 1767 286 ..30-

440 399 675 473 Quibus
734 398 800 457 in
859 396 1205 476 anapaestis
1267 412 1413 456 num
1470 391 1665 456 verba
1722 382 1985 473 καθαροὶ
2044 401 2226 477 χωρεῖ
2278 393 2393 448 etc.
2451 405 2660 447 revera

435 504 556 564 sint
597 519 634 562 a
676 505 866 581 poeta
907 489 1268 569 ἆσυνδετῶς
1315 495 1595 577 subjecta
1642 493 1747 567 iis,
1808 509 1969 572 quae
2016 490 2420 573 praecedunt,
2478 507 2659 568 penes

439 623 548 666 eos
599 602 894 685 judicium
949 604 1082 662 esto
1099 645 1114 673 ‚
1181 597 1287 678 qui
1337 604 1465 657 tam
1506 595 1715 657 felices
1763 595 1911 668 sint,
1965 601 2061 668 ut,
2122 592 2465 676 asyndeton
2508 591 2660 671 apud

433 713 652 789 poetas
709 701 984 765 scenicos
1040 699 1146 762 ubi
1201 706 1409 781 aptum
1464 698 1571 772 sit,
1634 695 1740 758 ubi
1796 715 1922 758 non
1976 696 2084 770 sit,
2146 714 2216 756 se
2272 701 2443 756 certo
2496 694 2661 765 scire,

433 809 551 872 sibi
593 804 1027 889 persuaserint.
1110 804 1204 863 Ex
1245 820 1389 863 meo
1434 800 1683 882 quidem
1724 819 1909 862 sensu
1950 799 2075 860 hoc
2114 799 2255 860 loco
2298 805 2505 877 aptum
2545 816 2663 856 non

437 918 562 987 est;
619 907 907 986 idemque
947 905 1099 966 illud
1141 913 1312 967 certo
1355 904 1485 965 scio
1527 902 1817 965 facillime
1858 902 2165 966 sublatum
2204 900 2281 963 iri
2320 899 2465 962 loco
2507 899 2664 960 hunc

435 1015 501 1075 in
543 1011 795 1075 modum
837 1013 1106 1068 mutato:

880 1145 967 1156 —
1008 1108 1243 1192 γένυος
1296 1111 1576 1196 ξουθῆς,
1714 1164 1717 1167 .

655 1204 1005 1292 καθαροὲν
1058 1222 1322 1298 χωρεῖν
1375 1203 1487 1278 διὰ
1537 1200 1965 1294 φυλλοκόμου,

653 1310 936 1396 μίλακος
984 1302 1110 1399 ἦχαὶ
1160 1307 1326 1396 πρὸς
1376 1305 1529 1385 Διὸς
1584 1307 1807 1396 ἕδρας·

661 1408 748 1476 ἵν’
783 1443 869 1457 -

431 1515 495 1577 h.
539 1533 596 1576 e.
655 1508 820 1578 ὥστε
865 1523 1087 1598 χωρεῖν
1135 1506 1451 1596 καθαράν
1499 1507 1627 1601 ἠχώ
1680 1520 1793 1576 etc.

598 1636 747 1697 Post
793 1632 898 1693 Vs.
931 1627 1058 1692 222
1109 1628 1173 1690 in
1216 1630 1399 1693 codd.
1442 1652 1621 1694 mscr.
1667 1641 1729 1694 et
1770 1652 1932 1697 nunc
1983 1633 2290 1715 reperitur
2347 1641 2410 1696 et
2448 1633 2584 1715 jam
2636 1651 2670 1692 a

435 1740 769 1804 scholiasta
803 1735 1050 1798 inventa
1076 1741 1171 1796 est
1204 1729 1707 1822 παρεπιγραφήε
1752 1732 1943 1806 αὐλεῖ
1970 1762 2070 1810 τις
2094 1739 2197 1800 vel
2227 1732 2431 1806 αὐλεῖ.
2488 1735 2672 1796 Haud

431 1846 666 1923 inepte,
709 1859 827 1922 per
857 1859 930 1902 se
968 1838 1240 1920 quidem,
1286 1857 1429 1900 nam
1464 1838 1857 1903 lusciniarum
1900 1849 2109 1904 cantus
2149 1841 2377 1922 optime
2423 1846 2675 1920 poterat

432 1944 583 2006 tibia
633 1940 914 2004 canendo
971 1939 1152 2000 reddi
1214 1947 1275 2000 et
1315 1940 1423 2000 Vs.
1460 1941 1584 2004 682
1618 1961 1711 2023 sq.
1752 1944 2024 2016 Procne,
2080 1950 2407 2023 postquam
2456 1940 2676 2002 habitu

429 2046 716 2110 tibicinae
769 2060 1017 2105 scenam
1069 2042 1348 2122 ingressa
1402 2050 1522 2116 est,
1582 2042 1646 2102 id
1693 2043 1860 2124 quod
1912 2043 2075 2104 infra
2118 2041 2674 2103 demonstrabimus

431 2147 774 2210 accuratius
789 2193 805 2220 ,
867 2163 1052 2224 quam
1092 2143 1297 2206 adhuc
1337 2144 1568 2207 factum
1612 2154 1735 2221 est,
1795 2146 2140 2227 appellatur
2183 2145 2279 2207 his
2323 2145 2567 2208 verbis:

736 2237 786 2310 ὦ
838 2238 1206 2329 καλλιβόαν
1256 2243 1545 2328 κρέκουο’

738 2341 946 2416 αὐλὸν
999 2348 1387 2434 φθέγμασιν
1436 2342 1710 2434 ἠρινοῖς.
2590 2436 2597 2442 ·

429 2471 554 2536 Sed
598 2471 943 2551 quaeritur,
1003 2469 1156 2532 sitne
1212 2469 1569 2550 probabile,
1636 2472 1917 2541 Procnen
1963 2472 2093 2552 jam
2144 2469 2249 2531 illo
2302 2470 2444 2531 loco
2499 2471 2675 2533 ceci-—
2742 2547 2744 2556 Ι

427 2576 610 2638 nisse.
693 2573 845 2636 Mihi
889 2573 1135 2653 quidem
1177 2593 1354 2635 secus
1396 2574 1639 2637 videtur
1678 2574 2069 2636 statuendum
2113 2591 2269 2634 esse.
2362 2571 2499 2632 Non
2541 2591 2678 2650 po-

425 2679 656 2740 stulare
697 2673 850 2734 illud
887 2675 1254 2736 Pisthetaeri
1295 2677 1490 2737 verba
1535 2674 1962 2737 exclamantis:

647 2766 697 2838 ὦ
749 2773 892 2839 Ζεῦ
943 2773 1259 2857 βασιλεῦ,
1313 2775 1439 2839 τοῦ
1492 2773 1887 2856 φθέγματας
1934 2765 2357 2853 τούρνιθίου·

649 2871 796 2940 οἷον
848 2874 1320 2956 κατεμελίτωσε
1378 2867 1503 2957 τὴν
1556 2869 1813 2961 λόχμην
1864 2871 2061 2954 ὅλην,

426 2998 584 3061 quae
629 2977 962 3038 recitantur
1003 2977 1108 3038 Vs.
1139 2975 1260 3038 223
1301 2985 1363 3038 et
1395 2976 1547 3050 224,
1591 2977 1654 3037 in
1697 2975 2028 3057 propatulo
2068 2983 2163 3037 est
2202 2975 2411 3049 situm,
2456 2974 2679 3056 quidni

427 3085 590 3144 enim
653 3079 732 3140 ad
791 3087 1030 3142 cantum
1091 3081 1347 3160 Upupae
1409 3080 1613 3143 locum
1674 3080 2000 3143 arboribus
2064 3077 2286 3159 (iisque
2347 3077 2533 3152 taxis,
2603 3089 2677 3140 ut

425 3190 684 3263 apparet
737 3201 816 3241 ex
857 3182 960 3243 Vs.
987 3180 1138 3264 216)
1196 3182 1452 3245 densum
1508 3183 1822 3264 ingressae
1877 3187 2019 3262 post
2067 3182 2170 3242 Vs.
2207 3179 2331 3242 208
2386 3188 2673 3260 spectare

423 3285 711 3366 possint?
795 3286 1126 3347 Praeterea
1169 3305 1372 3365 neque
1416 3306 1571 3368 opus
1618 3293 1741 3360 est,
1786 3293 1851 3346 ut
1884 3286 2017 3366 jam
2048 3302 2209 3344 nunc
2246 3289 2489 3345 cantum
2523 3283 2673 3345 edat
2740 3294 2742 3413 ἱ

421 3385 710 3460 luscinia,
767 3392 859 3459 et,
913 3405 1074 3448 nunc
1118 3406 1257 3449 eam
1299 3390 1573 3451 nondum
1616 3385 1938 3458 cecinisse,
2000 3404 2079 3446 ex
2118 3386 2223 3447 Vs.
2257 3383 2379 3446 204
2422 3386 2669 3465 proba-
2740 3419 2742 3478 χ

419 3488 549 3550 bile
590 3487 677 3551 fit.
761 3491 898 3553 Hoc
941 3493 1103 3553 enim
1144 3493 1286 3556 loco
1331 3513 1519 3574 quum
1560 3493 1777 3573 Upupa
1820 3491 1964 3552 dicit
2006 3489 2379 3571 καλοῦμεν,
2427 3508 2554 3550 non
2597 3509 2668 3549 se
2741 3485 2742 3488 ’

422 3592 618 3651 solam
677 3593 955 3674 intelligit
973 3641 989 3668 ,
1070 3603 1136 3657 ut
1193 3595 1552 3657 scholiastes
1616 3593 1945 3656 arbitratur
1964 3639 1981 3665 ,
2060 3592 2173 3653 sed
2234 3610 2303 3652 se
2365 3591 2544 3652 simul
2606 3600 2668 3653 et

423 3689 759 3753 lusciniam.
878 3695 1014 3755 Jam
1075 3715 1230 3758 vero
1297 3696 1439 3777 quia
1501 3696 1717 3776 Upupa
1770 3713 1897 3756 non
1954 3694 2219 3755 advocat
2282 3711 2428 3755 aves
2492 3694 2662 3774 prius

423 3810 610 3871 quam
663 3795 962 3856 canticum
1019 3799 1207 3871 canit,
1271 3798 1440 3880 quod
1491 3799 1703 3879 incipit
1752 3816 1791 3858 a
1832 3798 1938 3859 Vs·
1970 3797 2121 3872 227,
2182 3803 2663 3858 consentaneum

424 3901 546 3968 est,
610 3902 674 3958 ut
715 3915 832 3957 nec
870 3898 1125 3962 luscinia
1177 3901 1344 3982 prius
1399 3919 1621 3963 canere
1672 3899 2000 3979 inceperit,
2066 3918 2253 3978 quum
2295 3898 2659 3978 praesertim

422 3997 780 4080 participem
831 3999 1019 4062 fuisse
1075 4001 1232 4064 illius
1292 4005 1507 4066 cantici
1563 4010 1796 4066 tantum
1849 4020 1977 4062 non
2029 4008 2261 4063 certum
2312 4002 2408 4062 sit.
2490 4001 2655 4080 Ergo

421 4100 752 4183 probabile
803 4109 929 4176 est,
999 4101 1515 4188 παρεπιγραφήν
1564 4124 1691 4167 non
1744 4122 1821 4164 ex
1871 4111 2075 4165 mente
2124 4111 2353 4184 poetae
2395 4101 2657 4183 positam
2738 4137 2741 4343 ι

425 4221 560 4265 esse
606 4204 683 4264 ab
731 4222 841 4278 e0,
903 4203 1006 4282 qui
1046 4207 1351 4285 posuerit,
1410 4205 1826 4288 grammatico.

591 4305 1040 4389 Expergefacta
1073 4306 1329 4370 luscinia
1361 4317 1778 4373 convocantur
1806 4325 1973 4370 aveS.
2058 4306 2269 4370 Verba
2300 4307 2457 4367 haec
2491 4313 2652 4366 sunt:
