2759 5084
1064 188 1486 253 ...79-

154 364 275 425 est?
318 359 489 441 apud
520 378 681 441 quos
714 357 989 421 feminae
1027 356 1315 438 profecto
1342 358 1490 423 viris
1523 359 1966 425 imbecilliores
1997 364 2157 436 sunt,
2201 378 2390 442 quum

49 518 51 553 e
150 466 205 527 in
241 461 599 527 volucribus
642 460 957 525 nonnullis
1002 462 1165 524 adeo
1219 462 1572 525 habeantur
1627 463 1986 526 fortiores».
2071 461 2224 538 Sed,
2285 462 2390 525 al·-

49 558 52 617 !
150 568 416 631 eedinem
470 564 767 627 feminam
822 583 997 642 esse,
1062 566 1193 647 jam
1254 564 1627 627 Suevernius
1671 566 1912 627 monuit
1966 563 2010 625 1.
2053 584 2104 626 c.
2147 585 2209 647 p.
2247 566 2388 631 102.

151 672 273 733 adn.
323 670 385 731 l.
492 663 934 755 Κεβλήπυρις·
957 676 1001 745 ,·
1052 662 1187 755 non
1254 668 1641 745 dubitamus,
1722 668 1894 750 quin·
1947 686 1989 729 a
2047 667 2390 731 scholiasta

150 769 440 833 masculus
498 777 561 831 et
617 770 699 831 sit
750 768 1001 832 habitus
1046 776 1109 832 et
1142 770 1285 852 jure
1324 769 1549 833 haberi
1589 770 1878 852 potuerit.
1945 770 2099 832 'Hoc
2142 788 2390 847 nomen,

146 873 299 955 quod
350 874 489 955 jam
530 870 845 935 veteribus
886 871 1327 953 interpretibus
1377 872 1696 937 molestias
1739 871 2004 948 creavit,
2064 891 2143 937 ex
2183 873 2388 935 verbis

49 1050 51 1059 ¹
144 970 329 1060 κεβλὴ
366 974 439 1037 h.
498 991 553 1035 e.
608 966 861 1055 κεφαλὴ
904 978 967 1035 et
1007 975 1147 1054 πῦρ
1204 972 1620 1054 compositum
1675 993 1846 1055 esse,
1909 981 2188 1054 apparet.
2270 974 2390 1035 Diu

49 1070 52 1161 5
148 1081 251 1153 est,
314 1096 397 1139 ex
440 1086 569 1157 qno
624 1073 947 1139 societatis
990 1074 1418 1158 philologicae
1483 1074 1802 1139 sodalibus
1847 1074 2222 1157 significavi,
2275 1095 2388 1139 se·-

144 1179 397 1241 cundum
439 1177 601 1240 illud
642 1178 835 1253 verba
876 1175 1137 1252 Comici,
1197 1194 1359 1258 quae
1411 1184 1554 1241 sunt
1593 1175 1862 1239 Acharn.
1905 1176 2062 1255 318,
2119 1176 2221 1241 ita.
2249 1196 2388 1241 esse

49 1288 52 1375 ξ
144 1280 531 1363 corrigenda:

288 1374 471 1465 ὑπὲρ
512 1378 825 1465 ἐπιξήνου
864 1376 1121 1465 θελήσω
1159 1375 1285 1466 τὴν
1328 1381 1644 1469 κεβλὴν
1683 1388 1848 1471 ἔχων
1891 1384 2130 1469 λέγειν,

144 1502 307 1565 quam
340 1482 549 1563 ipsam
572 1479 1089 1559 emendationem,
1129 1481 1456 1565 insigniter
1489 1484 1757 1569 laetatus
1783 1502 1940 1562 sum,
1979 1506 2166 1567 quum
2201 1490 2388 1555 etiam

49 1578 51 1591 *
143 1589 209 1649 ab
244 1586 559 1649 Ahrensio
616 1590 837 1647 nostro
880 1584 1111 1649 factam
1172 1604 1311 1649 esse
1356 1600 1438 1649 ex
1499 1606 1578 1651 eo
1621 1588 1821 1669 Musei
1861 1589 2148 1651 Rhenani
2189 1590 2388 1654 fasci-

144 1692 301 1769 culo,
378 1690 491 1771 qni
546 1687 901 1769 nuperrime
958 1688 1027 1751 in
1090 1688 1406 1770 publicum
1477 1696 1575 1751 est
1635 1689 1865 1768 editus,
1918 1692 2214 1773 cognovi,
2281 1693 2390 1757 cfr.

143 1814 197 1875 p.
222 1796 341 1859 465
380 1815 477 1877 sq.
560 1793 747 1857 Addo
790 1793 1113 1875 equidem,
1160 1794 1335 1875 ‘hanc
1376 1791 1800 1875 suspicionem
1857 1812 1935 1857 eo
1981 1813 2120 1859 esse
2159 1788 2424 1859 verisi-'

49 1822 55 2033 5
143 1898 441 1961 mili-orem
461 1940 481 1975 ‚
548 1894 723 1978 quod
772 1892 1183 1981 κεβλήπυριν
1236 1894 1532 1959 Atticam
1583 1914 1722 1959 esse
1778 1914 1958 1961 avem
2024 1916 2215 1979 supra
2269 1898 2391 1959 de-

143 1999 624 2065 monstravimus.
725 1999 913 2080 Atqui
970 1999 1121 2061 mihi
1194 2000 1444 2081 quidem
1463 2048 1480 2078 ,
1543 2019 1656 2064 cur
1715 2002 1976 2065 chorum
2043 2023 2122 2065 ex
2173 2003 2390 2069 avibus

143 2103 425 2167 masculis
502 2109 567 2165 et
616 2101 863 2165 feminis
924 2108 1311 2166 constantem
1385 2103 1608 2169 fecerit
1661 2111 1886 2189 poeta,
1957 2104 2163 2169 nullus
2227 2104 2387 2169 alius

137 2204 260 2271 finis
301 2208 552 2271 videtur
598 2205 941 2288 excogitari
982 2226 1173 2289 posse
1192 2254 1210 2284 ,
1254 2207 1375 2271 nisi
1413 2208 1540 2286 hic,
1581 2216 1651 2273 ut
1689 2210 2104 2295 hymenaeum
2149 2232 2388 2293 canen·-

136 2316 233 2387 tes,
274 2344 363 2359 —-·
400 2310 469 2371 id
509 2308 681 2390 qaod
718 2328 935 2373 versus
977 2308 1171 2371 finem
1210 2309 1466 2373 fabulae
1493 2311 1706 2372 locum
1737 2312 1978 2377 hahere
2011 2324 2276 2393 constat,
2303 2354 2388 2369 --

134 2419 247 2475 tam
309 2410 627 2475 masculas
692 2410 939 2475 habere
1006 2430 1193 2492 quam
1256 2411 1522 2475 feminas
1592 2412 1880 2477 voluerit.
1981 2416 2156 2478 Haec
2233 2438 2386 2484 vero

138 2534 345 2581 caussa
438 2534 585 2578 num
647 2512 771 2594 ipsi
832 2513 1067 2576 idonea
1132 2513 1268 2575 visa
1332 2513 1552 2591 fuerit,
1615 2515 1954 2579 admodum
2016 2515 2388 2596 dubitamus,

135 2618 335 2701 Neque
385 2622 511 2693 est,
556 2622 855 2697 quantum
898 2634 1017 2699 ego
1062 2615 1317 2698 quidem
1357 2618 1546 2683 video
1567 2665 1584 2695 ,
1627 2618 1824 2682 ullum
1862 2617 2180 2699 indicium,
2222 2624 2388 2687 unde

133 2729 377 2802 praeter
419 2719 773 2785 alcedinem
830 2720 1095 2811 feminas
1158 2721 1343 2787 simul
1427 2742 1566 2788 cum
1627 2723 1921 2788 masculis
1982 2742 2132 2789 aves
2193 2725 2390 2791 fuisse

49 2900 51 2903 ,
136 2833 293 2887 certo
319 2823 643 2905 „colligam
683 2812 878 2887 immo
922 2830 991 2887 ut
1048 2824 1402 2913 credamu8‚
1442 2846 1572 2889 non
1615 2828 1812 2891 fuisse
1852 2827 1972 2905 ita,
2017 2828 2178 2891 ordo
2198 2874 2215 2904 ,
2259 2848 2387 2908 quo

134 2946 193 2987 se
232 2927 552 3007 excipiunt
592 2926 754 2989 inter
813 2926 1320 3009 ingrediendum,
1387 2929 1658 2992 suadere
1721 2929 1982 2993 videtur.
2087 2930 2389 2993 Monebat

132 3030 501 3095 Theodorus
542 3028 923 3112 Hansingius
941 3076 958 3105 ,
1020 3028 1480 3113 Harburgensis
1497 3078 1514 3108 ,
1579 3031 1896 3095 societatis
1956 3031 2387 3115 philologicae

132 3131 357 3195 sodalis
382 3178 401 3209 ,
443 3150 570 3193 una
612 3138 877 3213 excepta
930 3130 1217 3195 alcedine
1277 3153 1497 3197 omnes
1555 3153 1706 3200 aves
1751 3136 1834 3200 ad
1879 3136 2140 3199 eborum
2181 3138 2386 3220 perti-

130 3248 334 3303 nentes
358 3286 379 3316 ,
433 3237 585 3301 licet
623 3237 966 3302 nonnullae
1024 3239 1239 3321 quoad
1291 3242 1758 3323 grammaticam
1819 3241 2064 3325 generis
2107 3235 2388 3302 feminini

49 3242 56 3481 5
131 3348 355 3419 essent,
399 3360 607 3405 mares
652 3362 791 3405 esse
832 3345 1135 3426 potuisse.
1220 3347 1429 3422 Recte,
1473 3346 1526 3407 si
1569 3346 1718 3427 quid
1761 3346 1970 3425 video,
2011 3364 2385 3428 quamquam

49 3482 51 3491 ·
130 3464 181 3506 v.
208 3467 257 3508 c.
298 3444 512 3529 probe
552 3444 722 3523 scio,
766 3447 1113 3511 accuratius
1143 3445 1548 3530 loquentibus
1591 3466 1830 3510 marem
1874 3439 2385 3531 περιστερόν

49 3494 56 3737 Ι
129 3545 353 3611 dictum
399 3567 555 3612 esse.
640 3548 805 3612 Fieri
846 3549 1035 3633 igitur
1074 3560 1316 3632 potest,
1371 3559 1442 3616 ut
1483 3571 1562 3615 ex
1601 3549 1856 3631 reliquis
1901 3549 2119 3613 avibus
2139 3599 2155 3627 ,
2225 3568 2387 3633 quae

130 3649 309 3734 vulgo
354 3650 625 3715 feminae
666 3652 998 3730 habentur,
1040 3653 1143 3716 vel
1186 3676 1309 3718 una
1352 3656 1457 3719 vel
1497 3656 1712 3740 plures
1765 3655 2082 3718 masculae
2123 3653 2384 3731 fuel-inu

129 3754 269 3833 quin
315 3775 539 3819 omnes
580 3755 890 3818 masculas
931 3756 1171 3819 habere
1210 3757 1444 3837 licebit,
1486 3761 1539 3823 si
1581 3758 1996 3844 probabiliter
2037 3757 2221 3821 fuerit
2263 3756 2386 3817 de-

129 3867 572 3937 monstratum,
631 3858 1007 3941 singularem
1074 3878 1359 3923 caussam
1403 3862 1615 3939 fuisse,
1661 3884 1772 3928 cur
1811 3862 2038 3928 alcedo
2097 3878 2135 3919 a
2190 3865 2386 3939 poeta

125 3958 538 4026 induceretur.
622 3964 703 4025 Et
728 3961 845 4023 fnit
885 3962 1191 4045 profecto.
1276 3962 1524 4046 Quippe
1569 3958 1853 4050 κηρύλος
1891 3960 2189 4025 alcedinis
2223 3978 2386 4021 con-

124 4064 451 4127 suetudine
490 4065 592 4129 vel
634 4072 1017 4128 momentum
1058 4066 1357 4148 temporis
1401 4084 1616 4129 carere
1667 4086 1796 4129 non
1836 4082 2028 4147 posse
2071 4063 2385 4125 credeba-

128 4172 237 4227 tur.
327 4168 527 4229 Notus
580 4176 675 4229 est
718 4174 779 4229 et
820 4168 923 4231 vel
962 4168 1195 4232 fabulis
1240 4166 1593 4232 celebratus
1637 4169 1897 4234 intimus,
1923 4167 2148 4229 harum
2176 4166 2385 4230 avium

49 4306 51 4311 ·
128 4284 283 4351 erga·
315 4288 387 4333 se
454 4284 635 4333 amor
678 4278 741 4334 et
782 4270 1319 4335 consociatissima
1376 4270 1685 4335 voluntas·
1791 4272 1915 4335 Eas
1973 4277 2210 4333 tantum
2254 4288 2384 4333 non

49 4354 57 4591 ι

49 4634 56 4879 ⁸
