2759 5084
1027 174 1494 238 —115—

154 348 583 411 munimentum
648 345 1053 412 ciconiarum
1112 345 1283 410 dixit.
1391 346 1530 409 Non
1589 346 1794 428 potuit
1857 345 1986 409 hoc
2047 344 2396 429 significare

150 450 339 527 velle,
400 451 679 513 ciconias
720 457 932 512 tenere
972 446 1165 524 illud,
1222 466 1369 511 uam
1427 468 1632 530 neque
1691 456 1822 510 tum
1863 448 2084 509 aderat
2137 443 2214 513 τὸ
2259 448 2400 513 Hs-

148 547 453 635 λαργικὸν
512 562 576 617 et
633 555 763 617 hoc
824 570 1047 615 munus
1100 551 1183 615 ab
1244 552 1386 635 ipso
1447 552 1735 615 tribuitur
1791 551 1961 633 gallo
2017 550 2396 632 gallinaceam

148 654 254 715 sed
294 659 711 722 necessarium
754 665 877 735 est,
941 665 1010 720 ut
1050 658 1321 721 ciconias
1365 676 1476 721 eas
1517 656 1779 738 intelligi
1821 664 2191 731 statuamuS,
2235 668 2398 735 quae

148 774 380 819 murum
420 759 595 823 illum
638 766 983 823 structurae
1025 760 1165 822 sint.
1248 762 1386 822 Iam
1431 778 1512 823 ex
1554 760 1660 822 Vs.
1699 758 1898 835 1139,
1961 764 2098 820 utut
2135 756 2192 819 is
2233 756 2398 819 scri-

144 856 381 921 bendus
426 870 553 939 est,
618 870 912 944 apparet,
974 860 1251 925 ciconias
1298 868 1637 944 occupatas
1695 880 1835 924 esse
1881 859 1946 921 in
1991 876 2184 940 opere
2225 858 2395 921 late-

141 962 297 1026 ricio
352 964 681 1039 faciendo,
748 971 809 1027 et
870 964 951 1025 ab
994 965 1191 1026 altera
1232 971 1446 1045 parte,
1509 963 1897 1046 Hyperbium
1955 968 2019 1025 et
2054 962 2397 1045 Euryalum

140 1066 269 1129 sive
309 1050 607 1149 Agr-olam
648 1066 942 1150 Pelasgos
986 1067 1223 1148 primos
1276 1066 1604 1129 laterarias
1669 1063 2062 1129 constituisse
2117 1062 2395 1139 Athenis,

138 1168 369 1231 famam
409 1168 603 1231 fuisse
646 1188 727 1231 ex
766 1168 945 1231 Plinii
986 1170 1124 1231 Nat.
1142 1168 1305 1231 Hist.
1334 1170 1462 1245 vll,
1504 1169 1586 1231 57
1633 1175 2022 1247 compertum
2061 1167 2394 1241 habemusg

137 1265 215 1333 ad
258 1280 525 1352 quorum
567 1269 893 1335 hominum
938 1289 1133 1352 opera
1188 1271 1337 1333 olim
1379 1270 1717 1333 Muellerus
1753 1271 1948 1333 verba
2005 1268 2268 1334 vitruvii
2307 1266 2396 1330 li-

132 1371 337 1434 bride
369 1372 781 1436 architectura
822 1374 895 1449 Π,
928 1375 971 1438 8
1012 1372 1359 1449 scribentis,
1385 1392 1422 1435 e
1453 1372 1651 1435 latere
1689 1379 1990 1435 structum
2023 1391 2162 1438 esse
2191 1371 2394 1435 Athe-

132 1476 225 1537 nis
272 1494 513 1537 murum
556 1483 937 1557 spectantem
982 1474 1067 1550 ad
1118 1474 1477 1558 Hymettum
1519 1482 1794 1537 montem
1843 1482 1905 1537 et
1944 1474 2392 1547 Pentelensem,

129 1584 417 1659 spectare
458 1580 771 1641 statuebat
809 1579 1071 1660 Ephem.
1130 1577 1291 1640 liter.
1332 1576 1592 1639 Halens.
1647 1596 1705 1639 a.
1750 1576 1918 1639 1829
1961 1577 2106 1639 edit.
2168 1596 2228 1637 n.
2269 1576 2394 1638 126

126 1700 187 1761 p.
230 1683 393 1761 362;
452 1683 743 1745 discessit
782 1692 989 1745 autem
1032 1681 1113 1743 ab
1156 1680 1281 1749 hac
1320 1679 1628 1742 sententia
1673 1698 1862 1759 quum
1904 1678 2391 1740 commentatio·-

127 1802 275 1846 nem
338 1786 507 1847 illam
578 1785 659 1846 de
722 1781 1119 1845 munimentis
1182 1779 1565 1843 Athenarum
1627 1780 1905 1859 scripsit,
1971 1785 2038 1841 nt
2101 1778 2238 1859 ipse
2301 1777 2392 1841 ait

122 1905 183 1965 p.
225 1888 305 1949 13
350 1887 493 1948 adn.
540 1887 643 1962 35,
688 1885 959 1947 max-ime
1002 1900 1145 1947 eam
1188 1883 1271 1945 oh
1316 1900 1618 1958 caussam,
1663 1881 1835 1962 quod
1871 1880 2208 1945 lateritium
2241 1900 2388 1943 mu-

118 2010 261 2051 rum
306 1982 729 2059 Themistocle
772 1986 1183 2069 antiquiorem
1216 1984 1480 2049 vitruvii
1521 1992 1800 2066 tempore
1833 1966 2223 2065 'superfuisse
2261 1984 2390 2047 mi-

119 2105 243 2154 nus
288 2093 585 2155 credibile
649 2098 832 2156 esset.
934 2093 1137 2172 Atque
1178 2092 1345 2154 hanc
1395 2109 1526 2153 rem
1585 2090 1648 2151 in
1693 2090 1902 2152 medio
1946 2090 2388 2170 relinquamus,

114 2194 253 2256 hoc
292 2190 545 2275 quidem
590 2195 768 2271 loco,
821 2228 908 2243 -—·
960 2196 1075 2257 sed
1116 2194 1599 2277 Aristophanem
1653 2193 1754 2257 vel
1807 2195 1968 2257 scire
2007 2192 2112 2257 vel
2151 2192 2388 2275 fingere

114 2316 363 2359 murum
405 2296 791 2380 Pelasgicum
832 2295 1115 2359 latericio
1174 2298 1365 2359 fuisse
1411 2318 1604 2380 opere
1659 2304 1988 2373 structum,
2051 2298 2179 2371 illa,
2223 2313 2387 2375 quae

114 2399 317 2461 modo
332 2398 841 2487 significavimuS,
884 2397 1183 2460 credibile
1224 2398 1492 2460 reddere
1533 2399 1837 2461 videntur.
1923 2400 2240 2473 Quatenus
2282 2395 2386 2459 hic

111 2509 313 2582 poeta
354 2499 459 2563 vel
500 2500 589 2562 sic
634 2499 865 2583 gallum
908 2498 1317 2581 gallinaceum
1378 2499 1588 2571 dicere
1631 2502 1901 2581 potuerit
1953 2502 2254 2562 idoneum
2299 2498 2382 2561 ad

110 2603 546 2665 habitandum·
576 2602 641 2664 in
684 2602 970 2684 rupibus,
1033 2601 1281 2683 Didymi
1322 2604 1516 2667 verba
1535 2650 1552 2680 ,
1597 2622 1760 2684 quae
1803 2622 1992 2685 supra
2035 2601 2381 2683 exscripsi--

109 2724 290 2781 mus,
350 2705 687 2768 ostendunt
746 2724 888 2767 cum
952 2704 1203 2768 scholio
1244 2704 1462 2787 paullo
1533 2712 1676 2768 ante
1753 2706 1943 2769 citato
2011 2704 2381 2787 composita.

110 2808 284 2870 Cave
324 2826 475 2869 vero
521 2806 1113 2893 uivpoec‘intelligas
1156 2808 1504 2891 Pelasgicos
1549 2828 1780 2885 muros,
1834 2802 1938 2871 vel
1977 2809 2382 2871 fundamenta

106 2909 414 2992 ipsorum,
476 2928 639 2991 quae
706 2928 941 2990 »opere
1002 2911 1121 2974 illo
1160 2912 1472 2986 incerto,
1507 2912 1680 2992 qnod
1723 2909 2104 2993 Cyclopeum
2149 2912 2380 2987 dicunt,

100 3010 381 3079 'similive
399 3020 747 3077 structurae
760 3032 991 3095 genere
1010 3014 1384 3092 noscenda,»
1411 3012 1747 3081 arbitratur
1765 3010 2157 3075 Muellerusl.
2174 3033 2225 3075 c.
2241 3016 2379 3094 p.4.

285 3119 353 3178 In
394 3118 471 3180 iis
513 3116 743 3194 verbis,
788 3117 1009 3198 quibus
1050 3118 1470 3180 Pisthemerus
1495 3116 1864 3197 Euelpidem
1901 3114 2192 3199 appellat,
2235 3134 2376 3179 cum

112 3218 419 3281 universis
444 3218 593 3283 'tum
634 3221 741 3283 Vs.
780 3220 907 3283 840
948 3218 1208 3301 positis,
1262 3218 1470 3284 inesse
1523 3218 2038 3301 significationem
2081 3218 2377 3282 celerita-

106 3323 231 3392 tis,
276 3336 401 3397 qua
440 3310 541 3381 ¹res
584 3322 828 3402 agenda
870 3322 969 3398 sit,
1014 3328 1292 3403 apparet.
1378 3322 1448 3383 ld
1491 3322 1694 3401 ipsum
1747 3330 1893 3403 post
1951 3323 2138 3383 etiam
2179 3318 2378 3400 magis

108 3421 375 3495 elatum3
438 3420 587 3501 quin
630 3429 801 3485 tanta
842 3424 1223 3507 significatur
1266 3423 1574 3499 celeritas,
1619 3430 1688 3485 ut
1721 3424 1858 3503 ipse
1915 3422 2078 3485 adeo
2123 3420 2375 3483 Pisthe-

103 3534 325 3599 taetus
369 3530 618 3606 stupeat
660 3531 847 3605 atque
888 3525 1154 3606 dubitet,
1198 3548 1347 3593 num
1389 3546 1540 3591 vera
1589 3525 1712 3589 sint
1755 3544 1852 3604 ea,
1895 3544 2058 3608 quae
2101 3542 2371 3587 narran-

106 3635 241 3705 tur,
310 3628 420 3691 cl’r.
475 3629 587 3691 Vs;
628 3628 793 3691 1164
824 3647 990 3709 sqq-t
1030 3674 1035 3681 .

48 3742 57 3747 “
1030 3732 1414 3800 ,ΧΟΡΟΣ

288 3824 544 3913 Οὗτος,
584 3833 657 3903 τί
698 3846 914 3909 ποιεῖς
927 3856 953 3911 ,·
1002 3824 1181 3917 'Apa
1224 3830 1592 3919 θαυμάζεις
1643 3832 1748 3903 ὅτι

278 3931 455 4001 οὕτω
492 3929 573 4003 τὸ
616 3948 829 4025 τεῖχος
872 3934 1335 4023 ἐκτετείχισται
1391 3934 1602 4024 ταχύς

852 4052 1049 4120 ’ΠΕῙ
1042 4052 1237 4122 ΣΘΕ
1242 4054 1418 4119 TAI
1411 4056 1476 4119 P
1480 4055 1624 4121 ΟΣ.

282 4130 405 4219 Νὴ
444 4131 605 4211 τούς
644 4134 858 4212 θεοὺς
898 4145 1115 4223 ἔγωγε·
1182 4140 1289 4205 καὶ
1331 4132 1462 4224 γάρ
1503 4135 1707 4216 ἄξιον

282 4244 393 4309 ἴσα
432 4234 561 4327 yolo
604 4235 869 4326 ἄλη-θῶς
917 4241 1228 4327 φαίνεταί
1274 4265 1396 4327 μοι
1439 4237 1770 4327 ψεύδεσιν..
