2759 5084
960 219 1434 289 -103-2

1094 532 1288 617 vn.
1420 526 1434 535 ·
1925 541 1933 552 ·
2331 592 2347 639 ,

146 699 331 767 Agitur
366 662 761 755 aes-imum
794 700 981 769 um·
1016 698 1297 753 mium-0
1328 696 1572 755 rou-ai·
1593 733 1610 757 .
1671 697 1814 765 quoa
1860 696 2083 751 Athm-
2136 705 2248 751 em

1054 788 1113 839 iu
1166 802 1313 840 arce.

903 938 1492 1007 ΕΥΕΛΠῙΔΗΣ.

234 1036 555 1129 Λιπαρόν
593 1038 673 1109 ui
711 1040 939 1129 χρῆμα
979 1041 1101 1125 τῆς
1144 1038 1409 1116 πόλεως.
1496 1041 1617 1116 Τίς
1663 1038 1770 1109 δαὶ
1816 1036 1980 1114 θεὸς

234 1146 594 1233 πολιοῦχος
622 1148 842 1222 ἔσταις
898 1144 1005 1230 Τῷ
1048 1146 1394 1227 ξανοῦμεν
1433 1140 1555 1214 τὸν
1593 1144 1896 1217 πέπλονς

816 1278 1584 1351 ΠΕῙΣΘΕΤΑῙΡΟΣ.

245 1381 333 1447 Τι’
372 1373 430 1447 δ’
474 1371 595 1447 οὐκ
636 1370 1030 1463 Ἀθηναίαν
1081 1380 1291 1467 ἐῶμεν
1334 1375 1662 1456 acaedam

892 1521 1480 1591 ΕΥΕΛΠΙΔΗΣ.

230 1620 373 1687 Καὶ
412 1622 550 1697 πῶς
589 1618 675 1689 ἄν
716 1628 815 1690 ἔτι
855 1619 1095 1708 γένοιτ’
1140 1618 1225 1691 ἂν
1268 1620 1582 1696 εὔτακτος
1625 1615 1848 1705 noles-2·

231 1718 409 1791 ὅπου
449 1724 653 1803 θεός,
694 1722 865 1809 Μ’)
914 1740 1249 1815 γεγονυῖα,
1294 1724 1688 1793 πανοπλίαν

230 1820 445 1908 ἕστηκ’
486 1830 759 1913 ἔχουσα,
806 1827 1221 1911 Κλεισθένης
1260 1827 1330 1898 δὲ
1372 1826 1674 1911 κερκίδας

70 1927 272 1989 Verba
311 1922 707 2011 Ἀθηναίαν
750 1923 1037 1999 πολιᾶδα
1092 1930 1175 1992 de
1238 1949 1313 1993 ea
1363 1930 1665 1993 Minerva·
1697 1927 2102 2011 intelligenda
2140 1948 2318 2006 esse,

73 2033 235 2116 cujus
278 2032 427 2093 iude
488 2050 529 2093 a
583 2032 797 2112 primis
860 2033 1247 2123 temporibus
1290 2033 1588 2116 templum
1643 2032 1762 2097 fuit
1817 2032 1884 2095 iu
1927 2052 2073 2095 arce
2114 2033 2318 2095 Athe—

72 2156 286 2201 narum
330 2145 393 2199 et
448 2135 841 2201 simulacrum
898 2139 1355 2202 sanctissimum
1417 2138 1484 2199 iu
1525 2137 1650 2201 hoc
1709 2139 1850 2219 ipso
1911 2135 2148 2219 templo
2191 2154 2324 2217 po-

72 2238 280 2314 situm,
326 2259 467 2303 cum
510 2260 587 2303 ex
628 2241 779 2322 ipsis
821 2239 943 2302 illis
984 2241 1189 2306 verbis
1234 2246 1500 2325 apparet
1541 2247 1668 2304 tum
1711 2259 1792 2305 ex
1832 2238 1908 2303 iis
1932 2285 1948 2315 ,
2011 2256 2176 2321 quae
2217 2240 2322 2301 Vs.

72 2338 187 2401 827
232 2345 395 2403 suut.
476 2344 643 2425 Ergo
688 2362 765 2404 ex
826 2343 953 2405 hoc
994 2341 1143 2405 loco
1188 2340 1500 2423 sequitur,
1562 2342 1690 2405 hoc
1745 2341 2142 2403 simulacrum
2193 2340 2322 2400 Mi-

70 2457 293 2504 nervae
334 2443 551 2505 stantis
607 2444 801 2506 fuisse
844 2451 907 2506 et
964 2444 1351 2510 πανοπλίαν
1399 2441 1689 2524 gerentis.
1789 2440 1862 2503 Id
1899 2441 2144 2522 ipsum,
2206 2442 2319 2503 sed

71 2543 252 2607 etiam
300 2546 690 2608 accuratiora
752 2544 1060 2628 quaedam
1106 2545 1399 2608 discimus
1457 2564 1535 2609 ex
1587 2544 1734 2607 loco
1765 2596 1770 2601 .
1800 2542 2148 2627 Euripidis,
2213 2544 2318 2623 qui

72 2651 161 2707 est
200 2646 489 2709 Electrae
533 2648 639 2709 Vs.
679 2646 843 2709 1255
884 2666 1021 2728 sqq·
1062 2646 1312 2729 Matth„
1372 2646 1482 2709 ubi
1523 2644 1814 2709 Dioscuri
1857 2644 1938 2707 de
1971 2643 2168 2707 Furiis
2211 2642 2318 2705 lo-

72 2753 323 2824 quentes
362 2747 453 2811 ita
494 2747 989 2831 sermocinantur
1030 2746 1115 2811 ad
1158 2748 1444 2827 Ores-tem
1487 2746 1802 2812 conversi:

227 2845 503 2918 Ἐλθών
544 2849 601 2917 δ’
639 2847 985 2937 Ἀθήνας,
1050 2851 1408 2929 Παλλάδος
1449 2846 1700 2935 οεμνόν
1739 2848 1984 2934 βρέτας

233 2951 677 3037 πρόςπτυξον·
726 2960 916 3038 εἴρξει
956 2951 1085 3039 γάρ
1126 2979 1236 3023 νιν
1292 2954 1716 3039 ἐπτοημένας

235 3053 477 3131 δεινοῖς
514 3048 904 3139 δράκουσιν,
946 3056 1110 3123 ὥστε
1153 3049 1250 3142 μὴ
1288 3052 1544 3139 ψαύειν
1599 3054 1804 3121 σέθεν

231 3152 513 3243 γοργῶφ’
568 3150 1047 3243 ὖπερτείνουοοὶ
1108 3183 1228 3229 οου
1280 3150 1452 3247 κάρᾳ
1491 3154 1765 3227 abutor.

70 3260 278 3342 Neque
322 3262 488 3324 enim
532 3262 785 3325 dubium
830 3270 956 3339 est,
1019 3263 1166 3345 quin
1206 3262 1335 3325 hoc
1400 3280 1652 3344 quoque
1715 3261 1861 3326 loco
1927 3264 2317 3328 simulacrum

67 3362 339 3445 ligneum
367 3362 681 3427 Minervae
714 3364 987 3428 Poliadis
1025 3360 1420 3449 significetur.
1506 3362 1911 3426 Accuratiora
1951 3372 2158 3429 autem
2191 3366 2319 3440 illa,

71 3484 229 3547 quae
288 3465 421 3527 hoc
474 3464 621 3526 loco
678 3466 1008 3545 docemur,
1064 3468 1225 3530 haec
1268 3474 1444 3529 sunt:
1507 3465 1903 3529 simulacrum
1961 3467 2120 3529 deae
2177 3467 2318 3552 cly-

70 3587 253 3647 peum
319 3568 629 3649 Gorgonis
706 3586 821 3631 ore
884 3570 1240 3653 insignitum
1302 3552 1582 3655 gestasse
1651 3587 1918 3650 eumque
1985 3570 2050 3631 in
2125 3569 2320 3632 altum

72 3670 419 3748 sustulisse;
465 3672 543 3733 de
586 3671 809 3752 quibus
850 3671 975 3735 vid.
1018 3675 1204 3737 etiam
1270 3694 1434 3756 quae
1477 3671 1922 3756 disputavimus
1965 3671 2318 3757 Coujectau.

72 3771 131 3835 iu
172 3774 463 3857 Aeschyli
501 3775 877 3838 Eumenides
910 3777 983 3837 Ρ.
1015 3776 1061 3837 Ι.
1100 3778 1365 3857 11..an
1402 3800 1495 3859 sq.
1579 3778 1740 3839 Num
1784 3793 1864 3839 ex
1921 3776 2048 3839 hoc
2093 3777 2318 3839 eodem

70 3875 383 3960 Euripidis·
416 3880 561 3941 loco
606 3879 898 3962 colligere
941 3878 1119 3954 licet,
1184 3880 1580 3943 simulacrum
1622 3879 1778 3942 illud
1821 3896 1944 3941 nou
1985 3879 2320 3941 intentasse

72 3974 312 4043 hastam
354 4000 557 4063 neque
598 4018 681 4031 -
725 3981 793 4044 id
837 3981 1009 4065 quod
1053 4000 1191 4043 cum
1232 3982 1363 4044 hoc
1405 3983 1802 4065 conjunctum
1847 4000 1986 4045 esse
2029 3977 2196 4043 solet
2235 4012 2321 4026 -

75 4081 330 4147 alterum
373 4086 599 4166 pedem
640 4084 987 4167 projecisse
1009 4132 1025 4159 ‚
1070 4085 1175 4166 qui
1218 4093 1414 4149 status
1461 4104 1678 4148 eorum
1720 4090 1832 4159 est,
1876 4082 1982 4165 qui
2024 4082 2320 4165 impetum

77 4196 213 4251 sunt
254 4189 522 4251 facturi?
620 4187 761 4269 Ajat
822 4186 1080 4269 aliquis,
1148 4207 1335 4270 quum
1391 4187 1626 4271 alioqui
1696 4206 1826 4249 nou
1891 4185 2153 4267 liqueat,
2214 4204 2322 4245 cur

76 4306 199 4353 nou
243 4290 823 4355 commemoraverit
882 4297 1075 4372 poeta
1132 4290 1377 4355 hastam
1433 4290 1792 4357 intentatam
1815 4334 1832 4365 ,
1894 4304 2098 4369 neque
2149 4285 2322 4349 illam
