2759 5084
1302 225 1732 288 -64—

390 400 589 487 μένῳ,
631 416 813 481 quam
849 416 983 462 rem
1012 396 1172 459 ridet
1200 397 1506 459 Lucium
1535 395 1858 475 quomodo
1889 394 2030 457 bist.
2071 395 2154 457 sit
2187 392 2425 465 censer.
2453 393 2633 456 1222.

390 502 527 562 Non
580 500 877 563 audemus
935 499 1277 575 affirmare,
1336 497 1530 559 immo
1583 494 1914 578 probabile
1963 514 2093 563 non
2144 494 2439 571 ducimus,
2494 495 2636 559 hoc

390 602 605 665 babitu
660 620 903 684 semper
950 602 1329 663 orchestram
1383 602 1716 686 inqresaeos
1759 616 1901 661 esse
1930 612 1948 619 ·
1962 598 2242 663 tibicines
2255 647 2271 675 ,
2325 616 2630 681 praeser-

390 705 499 767 tim
542 704 597 767 si
634 702 999 787 tragoediae
1042 710 1410 785 agerentiam
1461 701 1610 765 satis
1650 708 1819 778 erat,
1873 708 1944 770 ut
1983 700 2058 763 in
2103 701 2248 785 ipsa
2293 698 2632 775 orchestra

388 814 723 871 uersantes
767 806 885 868 sibi
926 806 1254 869 induerent
1304 804 1480 881 illud,
1521 804 1574 866 si
1611 804 1742 886 jam
1785 804 1968 866 etiam
2007 820 2241 865 vocare
2279 802 2448 879 licet,
2479 804 2637 885 ‚cal-

391 917 811 984 ceamentum3
856 906 969 970 sed
988 953 1003 981 ,
1048 906 1103 971 si
1140 907 1278 983 illa,
1338 923 1500 987 quae
1543 906 1736 969 modo
1781 904 2220 987 disputavimus
2241 953 2257 981 ,
2309 922 2440 966 non
2477 905 2634 969 fue-

392 1010 514 1071 rint
554 1028 683 1073 non
722 1010 991 1091 probata
1015 1056 1031 1085 ,
1077 1008 1543 1070 concedendum
1589 1009 1739 1086 erit,
1783 1014 1947 1083 tum,
1991 1026 2178 1087 quum
2218 1008 2377 1069 haec
2415 1008 2638 1071 fabula

392 1113 717 1195 agebatur,
780 1111 1011 1173 factum
1054 1128 1193 1173 esse
1211 1157 1227 1186 ,
1289 1110 1480 1190 idque
1529 1110 1844 1193 aptissime
1887 1110 1972 1179 ad
2009 1110 2199 1172 risum
2241 1110 2638 1187 movendum,

394 1222 457 1276 et
514 1214 767 1277 omnino
832 1213 987 1275 illud
1049 1212 1195 1274 sive·
1256 1212 1661 1277 calceamenti
1723 1232 1914 1295 genus
1979 1214 2108 1277 sive
2159 1212 2640 1277 instrumentum

392 1317 690 1381 musicum
746 1336 875 1385 non
937 1314 1130 1377 fuisse
1190 1314 1476 1381 alienum·
1515 1334 1554 1378 a
1613 1315 1860 1379 theatro
1911 1316 2132 1377 Attico.
2212 1314 2468 1383 Praeter
2507 1316 2638 1379 hoc

394 1418 570 1481 chori
611 1420 895 1482 tibicines
939 1418 1125 1481 etiam
1185 1418 1435 1481 calceos
1479 1424 1758 1500 gestasse
1778 1464 1794 1495 ,
1861 1418 2191 1499 probabile
2233 1425 2359 1494 est,
2423 1436 2638 1500 quan·-

394 1538 605 1602 quam,
668 1521 717 1583 ii
776 1520 989 1603 quales
1038 1521 1309 1598 fuerint,
1374 1520 1568 1582 hodie
1629 1538 1758 1581 non
1815 1527 2020 1600 potest
2075 1522 2373 1601 exputari.
2457 1521 2637 1585 Haec

396 1622 541 1686 addi
581 1632 842 1704 possunt
882 1624 989 1699 iis,
1032 1642 1195 1705 quae
1238 1641 1425 1705 supra
1474 1641 1535 1704 p.
1565 1623 1648 1685 50
1691 1621 2146 1703 disputavimus.
2229 1624 2466 1686 Redeat
2497 1626 2636 1708 jam

396 1727 477 1789 ad
516 1725 583 1791 id
623 1726 859 1808 ipsum,
902 1727 1067 1793 unde
1114 1728 1392 1809 digressa
1429 1735 1554 1803 est,
1599 1726 1819 1789 oratio.
1903 1726 2106 1801 Quum
2142 1729 2272 1811 jam
2315 1742 2635 1812 appareat,

395 1826 763 1890 vocabulum
824 1822 1066 1913 λόφον,
1142 1829 1313 1911 quod
1368 1838 1464 1893 est
1520 1830 1624 1891 Vs.
1669 1828 1820 1904 279,
1887 1846 2015 1891 non
2073 1848 2212 1892 esse
2275 1836 2636 1899 necessario

398 1928 583 1990 etiam
644 1929 725 1991 ad
788 1929 1019 2011 gallum
1070 1931 1480 2011 gallinaceum
1540 1932 1930 1995 referendum
1955 1979 1971 2008 ,
1999 1970 2006 1977 ·
2033 1931 2222 1995 immo
2279 1934 2638 1999 verosimile

396 2050 565 2106 esse,
620 2030 687 2093 id
730 2051 859 2097 non
916 2040 1198 2111 spectare
1239 2032 1357 2095 nisi
1401 2034 1485 2099 ad
1521 2032 2080 2115 phoenicopterum
2138 2041 2200 2096 et
2251 2035 2330 2097 ad
2374 2036 2637 2100 alteram

398 2154 694 2218 upupam,
748 2138 887 2219 jure
942 2138 1124 2199 nobis
1178 2138 1458 2203 videmur
1517 2158 1596 2201 ex
1647 2158 1758 2217 eo,
1819 2137 1990 2219 quod
2057 2134 2162 2199 ille
2227 2132 2472 2223 69:130?
2489 2164 2639 2221 της

398 2244 678 2313 vocatur,
720 2239 819 2301 his
859 2257 1011 2301 vero
1056 2248 1119 2301 et
1160 2240 1220 2301 ei
1262 2240 1381 2315 avi,
1425 2258 1586 2321 quae
1631 2241 2028 2323 κατωφαγᾶς
2067 2238 2440 2321 appellatur,
2485 2247 2636 2303 tan-

400 2346 526 2401 tum
598 2328 801 2423 λόφος
869 2340 1154 2405 tribuitur
1173 2390 1189 2418 ,
1254 2342 1628 2403 concludere
1709 2360 1920 2422 posse,
1985 2351 2236 2423 poetam
2299 2340 2502 2421 ipsum
2564 2343 2639 2405 id

400 2440 632 2523 egisse,
698 2449 767 2505 ut
806 2442 980 2505 illam
1022 2462 1201 2505 avem
1244 2443 1624 2505 citharistam
1667 2442 1990 2506 altioribus
2031 2444 2122 2506 uti
2161 2441 2389 2520 soleis,
2447 2462 2638 2525 quam

398 2542 513 2603 has
558 2558 703 2604 aves
744 2544 1027 2608 tibicines
1073 2544 1462 2629 significaret.
1505 2546 1730 2627 Negat-i
1759 2544 2009 2625 quidem
2039 2544 2254 2625 nequit
2296 2562 2374 2606 ex
2413 2552 2637 2609 nostra
2737 2606 2739 2613 .

404 2648 725 2723 sententia,
766 2667 917 2710 vero
956 2668 1094 2710 esse
1139 2648 1365 2725 simile,
1409 2657 1477 2710 ut
1515 2649 1708 2727 verba
1749 2643 1794 2727 ἦ
1837 2643 2112 2730 λόφωσις
2152 2654 2213 2708 et
2248 2648 2353 2712 ἐπὶ
2395 2644 2638 2730 λόφων,

402 2765 563 2827 quae
606 2756 747 2811 sunt
785 2751 890 2810 Vs,
926 2750 1041 2813 291
1092 2760 1155 2812 et
1197 2752 1339 2826 293,
1383 2758 1659 2832 spectent
1706 2748 1889 2811 etiam
1933 2749 2014 2811 ad
2057 2747 2268 2811 soleas
2311 2747 2456 2829 galli
2486 2749 2638 2832 gal...

401 2849 657 2925 linacei,
701 2851 813 2913 sed
856 2851 983 2913 hoc
1028 2852 1177 2915 nihil
1220 2852 1428 2915 refert.
1509 2854 1602 2915 Ea
1645 2851 1806 2913 enim
1847 2851 2039 2913 verba
2089 2859 2230 2916 sunt
2269 2849 2332 2912 in
2375 2853 2640 2917 univer-

404 2972 537 3013 sum
582 2953 775 3029 dicta,
838 2963 901 3017 et
943 2976 1130 3036 quum
1172 2976 1357 3018 unum
1403 2955 1608 3017 solum
1648 2932 1879 3037 gallum
1935 2954 2358 3036 gallinaceum,
2400 2962 2469 3015 ut
2507 2955 2639 3019 hoc

402 3059 572 3129 utar,
631 3055 695 3115 in
756 3052 926 3138 ὄρεσι
978 3060 1365 3123 incedentem
1431 3060 1816 3141 conspiceret
1857 3058 2299 3134 Pisthetaerus,
2359 3059 2639 3141 reliquas

400 3174 552 3216 vero
596 3175 744 3218 aves
789 3177 1003 3221 omnes
1048 3153 1273 3241 λόφοις
1314 3159 1590 3239 innian,
1647 3160 1750 3223 vel
1793 3160 1878 3222 ob
1930 3161 2091 3223 hanc
2145 3180 2428 3223 caussam
2471 3182 2640 3225 con-

404 3258 746 3319 cedendum
790 3266 917 3333 est,
963 3266 1444 3323 consentaneum
1489 3282 1654 3339 esse,
1713 3270 1779 3324 ut
1821 3282 1987 3339 eum,
2041 3262 2148 3325 ubi
2191 3283 2348 3339 non,
2403 3272 2472 3326 ut
2512 3284 2639 3329 an—

400 3364 536 3433 tea,
579 3357 923 3420 accuratius
968 3360 1047 3423 de
1088 3362 1361 3445 singulis,
1405 3364 1518 3426 sed
1571 3363 1856 3427 universe
1896 3366 2198 3447 loquitur,
2249 3367 2639 3447 potissimum

397 3459 530 3525 τῶν
592 3458 811 3543 λόφων
856 3462 1175 3527 credamus
1232 3466 1537 3529 rationem
1579 3467 1816 3529 habere
1869 3469 2174 3550 potuisse,
2231 3473 2510 3550 quamvis
2549 3474 2638 3543 τά

398 3560 522 3645 ὄρη
584 3561 761 3624 simul
824 3566 1083 3650 intelligi
1146 3568 1479 3630 volentem.
1581 3568 1688 3632 Sin
1747 3578 1952 3633 tamen
2013 3572 2108 3634 cui
2165 3574 2484 3637 videantur
2525 3577 2639 3640 illa

400 3664 589 3724 verba
622 3666 828 3744 potius
873 3671 953 3731 ad
990 3678 1113 3733 tres
1157 3670 1426 3751 reliquas
1469 3690 1616 3735 aves
1659 3674 1830 3739 solas
1871 3676 2196 3739 referenda
2241 3694 2379 3739 esse
2397 3675 2462 3763 *),
2489 3662 2636 3762 'jam

400 3766 685 3846 equidem
728 3785 853 3828 non
896 3773 1251 3855 repugnabo
1296 3776 1584 3851 omnino;
1642 3784 1972 3859 postquam
2019 3780 2180 3840 enim
2229 3780 2638 3843 demonstra-

402 3876 527 3930 tum
572 3876 667 3931 est
708 3874 1080 3949 accuratius,
1144 3874 1290 3955 quid
1349 3878 1467 3940 sibi
1518 3879 1748 3941 vellent
1790 3880 1863 3956 ii,
1921 3881 2026 3962 qui
2067 3878 2259 3965 λόφοι
2302 3882 2636 3969 appellan-

400 3980 529 4047 tur,
590 3994 713 4037 non
758 3974 919 4037 adeo
976 3976 1222 4043 difficile
1264 3988 1359 4043 est
1405 3983 1483 4044 ad
1541 3983 1942 4061 credendum,
2011 4004 2146 4048 eam
2205 4007 2334 4049 rem
2395 3986 2484 4049 ita
2528 3996 2634 4050 te-

540 4194 583 4255 *)
621 4191 725 4245 Sed
772 4200 883 4245 tum
935 4199 1287 4248 necessarium
1334 4201 1472 4257 erit,
1527 4207 1588 4251 ut
1636 4203 1725 4262 id,
1779 4204 1922 4273 quod
1973 4220 2131 4272 supra
2180 4222 2235 4272 p.
2273 4204 2338 4253 40
2395 4206 2521 4254 adn.
2565 4208 2630 4257 de

400 4280 667 4347 quaternis
704 4282 877 4333 valere
913 4284 1179 4343 diximus,
1216 4288 1287 4335 ad
1322 4292 1500 4337 ternos
1537 4290 1827 4343 referamus
1863 4290 2140 4346 homines..
