2759 5084
1258 197 1725 261 —128-

360 375 572 434 tanum
608 368 909 435 familiam
952 368 1287 451 pertinere,
1330 368 1554 450 quibus
1612 367 1694 431 de
1749 366 1934 431 rebus
1995 367 2146 433 satis
2189 367 2398 451 habeo
2441 369 2631 433 rele—

358 491 541 554 gasse
586 472 667 533 ad
710 491 785 535 ea
804 520 822 549 ,
878 492 1041 554 quae
1092 472 1328 554 scripta
1368 477 1515 537 sunt
1556 489 1596 533 a
1635 469 1946 534 Muellero
2005 469 2178 544 libri,
2239 471 2348 552 qui
2387 470 2628 535 inscri-

361 574 560 637 bitur:
638 574 1061 657 «Allgemeine
1126 572 1633 657 Encyclopae'die
1719 572 1832 635 der
1889 572 2428 636 wissenschaften
2486 575 2626 635 und

364 676 663 753 Kiinste»,
706 674 747 739 1.
792 698 843 740 c.
888 678 950 759 §.
986 677 1091 741 66.
1148 697 1210 758 p.
1254 676 1375 739 115
1419 694 1544 756 sq.;
1605 674 1674 737 in
1714 676 2096 757 cosantem,
2164 675 2338 757 quod
2391 675 2630 737 Basilia

355 779 719 849 secundum,
742 779 1092 841 Diodorum
1120 777 1367 841 'Titanis
1435 786 1564 853 est,
1609 796 1688 841 eo
1732 778 1934 840 minus
1977 797 2118 839 esse
2155 778 2631 853 offendendum,

360 882 535 964 quod
578 882 764 945 etiam
806 882 1149 945 Minervam
1186 880 1468 944 Pallante
1487 928 1506 957 ,
1561 881 1794 943 Titanis
1837 880 1972 943 filio
2014 879 2118 943 vel
2163 878 2456 961 Giganta,
2503 899 2634 961 ge—
2732 900 2733 909 ¹

360 984 551 1047 uitam
595 981 1037 1046 fabulabantur
1100 990 1163 1045 et
1204 982 1554 1047 arctissimo
1613 982 1960 1045 cohaerere
2019 982 2266 1045 vinculo
2311 1001 2454 1045 cum
2505 982 2634 1045 Gi-

360 1086 645 1169 gantibus
690 1087 770 1149 ab
812 1088 951 1167 ipsa
996 1085 1323 1150 debellatis
1370 1086 1710 1149 observare
1763 1084 1943 1161 licet,
2009 1104 2136 1166 quo
2178 1085 2264 1146 >de
2305 1083 2416 1147 cfr.
2457 1101 2636 1165 quae

362 1190 516 1254 dixit
578 1190 913 1259 Muellerus
976 1189 1023 1251 l.
1082 1210 1137 1251 c.
1208 1189 1273 1272 §-
1310 1190 1367 1251 1.
1453 1208 1515 1269 p.
1568 1188 1688 1265 76,
1753 1188 1819 1270 §-
1875 1187 1982 1251 52.
2065 1206 2128 1267 p.
2169 1188 2329 1263 106,
2401 1186 2479 1269 §ae
2521 1187 2634 1251 69.

357 1313 443 1375 p..
472 1294 631 1369 1173
703 1326 787 1341 -·
846 1291 995 1374 quin
1036 1291 1188 1355 illae
1248 1289 1658 1375 genealogiae
1719 1290 1882 1353 adeo
1945 1297 2294 1373 congruunt
2335 1310 2476 1353 cum
2529 1310 2635 1365 ea,

360 1413 551 1476 quam
633 1394 948 1465 Diodorus
1024 1394 1253 1471 tradit,
1348 1402 1448 1469 ut,
1533 1412 1724 1475 quum
1797 1392 1864 1455 in
1957 1392 2080 1455 bac
2157 1400 2420 1457 matrem
2505 1392 2636 1455 Tu:-

360 1507 579 1561 taeam
622 1495 1197 1577 deprehendamur„
1250 1495 1594 1559 secundum
1651 1496 1787 1559 illas
1845 1498 2060 1559 matris
2102 1514 2332 1559 nomen
2375 1497 2454 1559 sit
2505 1495 2634 1559 Ti·-

362 1601 573 1677 tam's3
622 1600 794 1681 quod
836 1599 1167 1680 quominus
1220 1599 1476 1680 proprie
1529 1596 1819 1661 Tritonis
1881 1598 2102 1661 audire
2155 1600 2390 1663 debere
2445 1600 2636 1663 arbi-

360 1712 616 1780 tremur,
641 1702 708 1765 in
732 1719 917 1784 quam
948 1702 1319 1765 sententiam
1348 1700 1536 1765 etiam
1567 1699 1900 1765 Muellerus
1937 1702 2094 1766 abiit
2121 1722 2182 1782 p.
2200 1702 2362 1777 106„
2403 1701 2550 1763 adn.
2569 1703 2634 1777 9,

360 1826 525 1869 nunc
569 1806 755 1867 etiam
802 1806 998 1885 magis
1044 1803 1482 1887 prohibemur,
1527 1823 1714 1885 quam
1743 1809 1947 1869 antea.
2031 1806 2230 1869 Porro
2277 1824 2631 1885 monemuS,

364 1928 567 1990 neque
608 1909 782 1986 illu‘d,
828 1910 1001 1990 quod
1043 1908 1335 1971 Basiliam
1366 1906 1954 1989 virginem.tandem
1987 1918 2242 1993 nuptam
2286 1914 2632 1996 cognosci—

363 2029 519 2088 nmS,
566 2011 821 2073 omnino
864 2030 988 2073 non
1032 2010 1343 2093 quadrare
1389 2010 1472 2071 ad
1513 2009 1894 2086 Minervam3
1955 2012 2260 2095 denique:
2311 2014 2404 2090 id,
2451 2017 2627 2098 quod

364 2116 445 2178 de
486 2114 687 2175 imbre
732 2120 795 2175 et
834 2111 1160 2177 fulminum
1198 2110 1424 2175 ictibus
1469 2120 1768 2176 narratur
1809 2116 1924 2176 sub
1967 2115 2156 2179 finem
2201 2118 2439 2197 capitis,
2495 2139 2630 2200 op-

366 2217 512 2282 time
571 2214 791 2278 referri
854 2233 1045 2296 posse
1106 2213 1191 2277 ad
1244 2214 1412 2277 banc
1478 2216 1748 2277 >eandem
1793 2217 1973 2279 deam
1997 2265 2016 2292 ‚
2081 2238 2268 2300 qnam
2325 2220 2628 2302 imprimis

365 2318 603 2383 fulmen
636 2320 855 2401 jacere
898 2316 1199 2381 creffitam
1240 2335 1383 2379 csse
1423 2318 1753 2380 notissima
1795 2338 1900 2383 res
1943 2328 2058 2383 est.
2137 2323 2388 2385 Verbo:
2429 2324 2496 2385 in
2529 2325 2629 2400 iis,

366 2440 529 2506 quae
570 2430 869 2501 tanquam
908 2420 1367 2483 Atlantidarum
1415 2422 1496 2485 de
1551 2421 1784 2485 Basilia
1825 2419 2407 2509 μυθολογούμενα
2449 2424 2630 2487 refe-

363 2534 581 2591 rantur
624 2543 663 2587 a
704 2524 1009 2600 Diodoro,
1053 2524 1384 2605 probabile
1435 2524 1699 2603 videtur,
1739 2523 1940 2611 plura
1982 2525 2208 2602 inesse,
2255 2547 2416 2609 quae
2461 2527 2632 2608 apud

368 2630 641 2694 Graecos
685 2633 792 2689 aut
850 2626 1077 2689 eodem
1130 2626 1323 2689 modo
1385 2634 1493 2689 aut
1549 2628 1832 2690 similiter
1872 2629 2186 2691 ferrentur
2229 2630 2312 2691 de
2349 2630 2636 2692 Minerva

370 2731 594 2795 eadem
632 2728 881 2791 Basilia.
963 2730 1105 2797 Hoc
1148 2728 1420 2809 probato
1458 2729 1672 2794 licebit
1713 2730 1822 2793 illo
1855 2731 2312 2795 Diodoriloeo
2355 2733 2442 2795 uti
2483 2741 2633 2795 tan—

370 2853 555 2916 quam
613 2830 971 2897 testimonio
1038 2830 1225 2895 simul
1284 2837 1345 2893 et
1398 2831 1838 2913 ,explicatione
1890 2834 2360 2897 necessitudinis
2383 2883 2400 2913 ,
2469 2856 2634 2919 quae

370 2937 709 3004 secundum
752 2932 998 2998 fabulas
1036 2934 1269 2997 Atticas
1313 2934 1738 2997 intercesserit
1765 2936 1929 2998 inter
1969 2938 2310 3000 Minervam
2355 2946 2418 3002 et
2458 2942 2636 3002 Pan-

370 3042 589 3104 doram
614 3086 630 3114 ,
688 3037 767 3099 de
812 3055 937 3118 qua
996 3056 1068 3099 re
1114 3037 1223 3099 cfr.
1268 3056 1430 3119 quae
1488 3038 1918 3103 disseruerunt
1958 3041 2338 3105 Gerbardius
2381 3041 2448 3103 in
2491 3043 2635 3105 dis-

366 3142 739 3215 sertatione,
805 3158 992 3221 quam
1033 3140 1349 3221 inscripsit
1409 3140 1915 3224 «Festgedanken
1970 3161 2052 3205 an
2095 3143 2633 3221 Winckelmann»,

368 3241 645 3308 Berolini
684 3259 739 3303 a‘.
789 3243 947 3309 1841
996 3242 1202 3318 edita,
1250 3250 1313 3307 et
1368 3244 1556 3327 hujus
1602 3266 1928 3309 censorem
1953 3264 2144 3329 agens
2185 3246 2445 3310 Iahnius
2485 3264 2633 3309 nov.

369 3347 701 3417 Annalium
760 3345 983 3427 philol.
1046 3353 1115 3411 et
1168 3349 1435 3430 paedag.
1495 3348 1639 3411 Vol.
1683 3350 2030 3421 XXXVIII,
2089 3348 2243 3411 fasc.
2285 3351 2348 3413 4.
2389 3370 2453 3432 p.
2488 3354 2635 3414 463.

369 3453 507 3517 Huc
572 3451 875 3515 accedunt
931 3450 1187 3515 haecce.
1268 3452 1590 3528 Pandora,
1655 3470 1782 3532 quo
1843 3451 2100 3513 nomine
2167 3451 2408 3513 Rheam
2447 3454 2638 3516 Basi-

369 3554 493 3616 liae
534 3572 817 3616 sororem
858 3553 1236 3633 appellatam
1278 3572 1418 3615 esse
1459 3571 1498 3615 a
1538 3550 1852 3613 nonnullis
1919 3552 2236 3614 Diodorus
2289 3554 2638 3617 memoriae

370 3655 683 3737 prodidit,
766 3657 961 3719 altera
1035 3656 1155 3721 fuit
1226 3673 1440 3717 earum
1461 3700 1478 3730 ,
1543 3672 1706 3735 quae
1767 3654 2247 3737 appellabantur
2307 3656 2640 3739 παρθένοι

369 3753 833 3845 Ἐρεχθηΐδες,
874 3758 1071 3839 priori
1113 3758 1532 3839 Protogeniae
1565 3778 1808 3822 nomen
1852 3767 2004 3821 enat.
2085 3760 2226 3820 Iam
2265 3765 2484 3821 notum
2521 3766 2638 3832 est,

369 3861 715 3937 Pandorae‚
760 3860 1003 3941 quoties
1044 3860 1361 3925 Minervae
1401 3880 1596 3925 vacca
1635 3861 2042 3936 mactabatur,
2091 3879 2274 3923 ovem
2317 3858 2420 3924 vel
2461 3860 2640 3921 arie-

374 3972 497 4025 tem
537 3961 951 4029 sacrificatum
986 3977 1141 4037 esse,
1187 3964 1270 4027 ad
1312 3984 1500 4046 quam
1541 3984 1674 4028 rem
1715 3970 1998 4046 spectant
2040 3964 2242 4026 etiam*
2266 3965 2462 4029 verba
2501 3964 2636 4027 hu-

366 4070 468 4150 jus
512 4065 707 4149 ipsius
750 4065 1005 4131 fabulae
1058 4065 1166 4127 Vs,
1192 4068 1329 4131 ’971
1378 4069 1622 4149 posita,
1685 4066 1810 4129 vid.
1843 4072 2203 4148 praeterea,
2269 4084 2432 4147 quae
2473 4086 2640 4129 oon-

374 4170 566 4251 gessit
606 4169 938 4233 Muellerus
980 4170 1023 4234 1.
1067 4188 1120 4231 c.
1166 4189 1225 4251 p.
1260 4172 1426 4251 7813
1467 4172 1584 4235 sed
1627 4172 1708 4235 de
1751 4170 1948 4233 sacris
1991 4159 2404 4252 Protogeniae
2447 4170 2638 4233 obla-

373 4274 449 4335 tis
492 4273 647 4337 nihil
692 4274 947 4337 omnino
992 4273 1299 4355 reperitur
1342 4276 1654 4341 traditam.
1741 4274 1928 4349 Quod
1945 4320 1964 4351 ,
2027 4294 2216 4355 quum
2265 4273 2636 4359 praesertim
