2759 5084
1336 180 1745 243 ...70-

428 364 603 413 suam
662 348 914 433 egisset,
986 349 1051 411 si.
1104 350 1411 433 ejus-odi
1470 349 1822 432 prodeundi
1883 349 2042 411 ratio
2095 349 2346 411 omnino
2407 346 2640 411 insolita
2727 366 2730 393 1

426 453 659 516 fuisset.
739 452 1004 515 Dubium
1047 459 1191 515 esse
1228 474 1356 516 non
1397 459 1634 541 potest,
1675 451 1826 533 quin
1867 452 2080 513 musici
2121 450 2299 513 chori
2338 469 2454 532 per
2495 468 2640 511 ean-

430 554 572 617 dem
614 562 859 635 portam
914 556 1177 638 ingressi
1236 557 1359 619 sint
1411 557 1476 619 in
1539 556 1954 631 orchestram,
2015 574 2130 635 per
2188 572 2372 636 quam
2429 552 2642 615 chorus

432 657 569 737 ipse
626 656 885 721 subinde
946 658 1209 723 advenit.
1308 658 1410 721 Sic
1459 658 1624 719 enim
1679 676 1820 719 mos
1883 657 2152 731 ferebat3
2219 673 2420 735 neque
2477 674 2641 717 secas

428 758 657 821 factum
700 778 837 823 esse
882 760 1267 841 quum'haec
1310 766 1446 822 acta
1489 760 1702 823 fabula
1741 768 1863 836 est,
1905 768 2032 823 tam
2071 778 2154 820 ex
2191 757 2302 833 iis,
2335 776 2500 838 quae
2541 779 2644 820 su-

426 878 541 940 pra
580 881 644 942 p.
672 861 757 925 52
816 862 1049 925 monita
1088 867 1231 923 snnt
1284 862 1363 923 de
1405 863 1546 923 soni
1586 882 1626 925 a
1678 863 2168 946 phoenicoptero
2213 861 2362 923 editi
2399 860 2646 935 ratione,

430 972 719 1043 apparet,
780 983 965 1045 quam
1010 984 1089 1027 eo
1132 965 1267 1027 veri
1307 966 1585 1029 redditur
1623 965 1855 1042 simile,
1921 966 2093 1047 qued
2133 962 2483 1039 intervalla,
2543 982 2647 1043 per

430 1082 591 1145 quae
630 1066 775 1129 illae
812 1084 967 1129 aves
1004 1068 1277 1131 musicos
1310 1076 1560 1149 agentes
1603 1068 1880 1150 singulae
1919 1068 2246 1149 prodeunt,
2287 1066 2422 1127 fere
2455 1083 2648 1145 aequa

428 1172 571 1229 sunt
610 1168 701 1243 ei,
758 1167 926 1249 quod
968 1176 1063 1231 est
1101 1169 1261 1233 inter
1299 1188 1663 1251 processum
1705 1174 1864 1253 ejus,
1907 1187 2066 1250 quae
2108 1170 2502 1252 κατωφαγᾶς
2533 1186 2646 1247 ap-

425 1267 721 1348 pellatur,
764 1276 947 1351 atqne
988 1288 1201 1333 earum
1242 1273 1452 1335 avium
1491 1272 1574 1334 ad
1615 1272 1944 1335 choreutas
1983 1270 2442 1353 pertinentium,
2495 1290 2647 1350 quae

424 1370 661 1450 primae
702 1372 1041 1453 prodeunt3
1086 1392 1210 1453 qua
1249 1394 1323 1435 rc
1353 1372 1494 1435 fieri
1523 1381 1732 1455 potest
1788 1381 1857 1437 nt
1903 1372 2276 1457 significetur
2313 1392 2353 1433 a
2385 1372 2592 1435 Comic

426 1475 717 1551 quattuor
757 1469 897 1535 illas
934 1490 1083 1536 aves
1122 1493 1249 1537 non
1292 1474 1536 1537 efficere
1577 1492 1816 1557 agmen,
1859 1476 2033 1556 quod
2071 1494 2257 1537 unum
2289 1480 2484 1539 totum
2519 1494 2648 1537 esse
2621 1482 2730 1579 ”²1

426 1580 491 1635 et
527 1592 644 1655 per
682 1594 753 1641 se
794 1582 959 1641 stare
998 1577 1338 1659 putandum
1380 1578 1496 1654 sit,
1535 1577 1653 1641 sed
1689 1578 2008 1641 universas
2051 1598 2188 1640 cum
2228 1577 2336 1652 iis,
2393 1598 2471 1639 ex
2513 1580 2708 1659 qui-

424 1676 541 1741 hus
584 1680 813 1745 chorus
852 1689 1112 1760 constat,
1152 1701 1351 1763 aeque
1395 1681 1732 1745 cohaerere
1776 1689 1960 1762 atque
2001 1682 2268 1762 singulas
2307 1682 2471 1743 inter
2501 1699 2651 1741 sese.

426 1782 545 1843 Per
590 1781 756 1845 hanc
814 1786 1208 1848 occasionem
1242 1804 1387 1847 ιιοιι
1441 1803 1727 1866 possum,
1797 1785 1944 1865 quin
2002 1801 2318 1859 moneam,
2371 1784 2653 1859 musicos,
2728 1772 2729 1805 ³

425 1881 783 1964 priusquam
826 1884 1147 1965 prodirent
1186 1886 1269 1947 ad
1310 1887 1689 1962 canendum,
1743 1886 2112 1949 commorari
2151 1884 2374 1947 solitos
2417 1904 2552 1948 esse
2594 1885 2655 1945 in

426 2005 505 2049 ea
546 1987 770 2053 theatri
823 1997 1031 2069 parte,
1087 2008 1249 2070 quae
1314 2010 1355 2053 a
1411 2010 1482 2053 re
1537 1992 1676 2072 ipsa
1727 1988 2070 2054 vocabatur
2111 1984 2188 2053 τὰ
2223 1980 2656 2067 υποοκὴνιον,

426 2090 507 2151 de
570 2109 693 2169 qua
747 2093 879 2173 jam
939 2093 1245 2155 Genellius
1310 2093 1351 2154 1.
1409 2115 1462 2157 c.
1535 2114 1598 2174 p.
1639 2094 1722 2155 47
1783 2090 2008 2153 rectius
2076 2094 2406 2164 statuerat,
2471 2107 2656 2168 quam

426 2190 838 2253 Schneider-ns
905 2213 968 2274 p.
1000 2194 1041 2256 8
1076 2214 1167 2274 sq.
1226 2201 1289 2255 et
1346 2216 1408 2277 p.
1448 2197 1528 2258 77
1564 2214 1656 2275 sq.
1767 2193 2054 2273 Sequitur
2102 2190 2257 2255 illud
2315 2209 2394 2253 ex
2448 2191 2657 2253 verbis

426 2293 745 2369 Athenaei,
786 2314 947 2375 quae
988 2304 1133 2359 sunt
1169 2297 1333 2373 XIV,
1374 2318 1436 2379 Ρ.
1455 2298 1618 2373 631,
1659 2296 1862 2359 hiscez
1919 2290 2089 2361 ὅθεν
2131 2296 2231 2386 καὶ
2267 2287 2658 2359 Ἀσωπόδω-

426 2418 539 2475 ρος
591 2389 627 2460 ὅ
686 2394 1031 2476 Φλιάσιος,
1092 2399 1644 2482 κροταλιζομένου
1685 2396 1846 2463 ποτέ
1906 2420 2090 2471 τινος
2145 2395 2277 2462 τῶν
2337 2390 2660 2479 αὐλητῶν,

428 2501 869 2585 διατρίβων
944 2495 1191 2577 αὐτοὶ·
1250 2509 1371 2571 ἔτι
1447 2508 1532 2570 ἐν
1571 2504 1672 2592 τῷ
1744 2496 2262 2589 ὑποσκηνίῳ,
2324 2502 2390 2569 τί
2440 2497 2662 2579 vost}

428 2602 633 2669 εἶπεν·
690 2603 889 2686 δῆλον
960 2602 1065 2669 ὅτι
1120 2605 1291 2689 μέγα
1326 2597 1526 2671 κακόν
1585 2606 1878 2689 γέγονεν·
1919 2598 2007 2678 ὥς
2061 2598 2177 2669 οὐκ
2211 2598 2300 2669 ἄν
2340 2598 2550 2676 ἄλλως
2593 2608 2664 2669 ἐν

306 2779 310 2783 p
428 2716 565 2775 τοῖς
602 2704 871 2780 πολλοῖς
910 2697 1488 2790 εὐδοκιμήσαντος.
1539 2738 1623 2757 ---
1715 2706 1845 2769 Sed
1895 2705 2207 2787 quaeritur
2243 2722 2472 2783 porro,
2537 2725 2664 2785 quo

430 2806 785 2869 orchestrae
843 2806 987 2870 loco
1060 2808 1239 2871 chori
1306 2810 1522 2872 musici
1583 2810 1912 2871 stationem
1951 2806 2244 2890 ceperint.
2353 2806 2666 2869 Tibicines

349 2950 355 2956 -
428 2942 513 2955 ·-·-
552 2926 757 2989 neque
798 2910 962 2973 enim
1004 2930 1209 2978 sermo
1254 2921 1352 2975 est
1392 2913 1559 2995 apud
1599 2914 1720 2976 hos
1761 2913 1932 2976 viros
1975 2912 2192 2973 doctos
2233 2908 2348 2970 nisi
2383 2908 2464 2971 de
2512 2911 2668 2971 tibi-

430 3011 665 3073 cinibus
708 3042 791 3059 -··
830 3014 1109 3090 stabant,
1152 3015 1205 3076 si
1256 3015 1600 3077 Genellium
1643 3016 1819 3078 audis
1865 3014 1997 3098 (cfr.
2039 3014 2081 3075 l.
2125 3032 2179 3073 c.
2221 3032 2284 3093 p.
2307 3008 2446 3093 156)
2485 3012 2670 3093 juxta

427 3104 725 3196 ἡγεμόνα
752 3119 814 3175 et
856 3115 1272 3198 κορυφαίους,
1314 3117 1369 3179 si
1411 3117 1802 3180 Odofredum
1831 3117 2192 3179 Muellerum
2235 3111 2366 3195 (cfr.
2419 3114 2670 3189 dissert,

432 3232 591 3295 quae
631 3214 1007 3279 inscribitur:
1066 3218 1327 3301 Anhang
1369 3238 1446 3280 za
1487 3218 1628 3282 dem
1681 3218 1919 3281 Buche:
1973 3215 2316 3299 Aeschylos
2359 3217 2668 3277 Eumeni-

430 3316 570 3399 den,
638 3318 963 3403 Gottingae
1004 3337 1062 3383 a.
1121 3322 1285 3385 1834
1344 3322 1411 3385 in
1450 3322 1762 3404 publicum
1816 3319 1960 3381 edit.
1999 3338 2063 3400 p.
2089 3316 2210 3402 36.)
2267 3319 2334 3379 in
2373 3318 2514 3399 ipsa
2556 3317 2670 3379 illa

430 3420 657 3483 Bacchi
699 3440 825 3498 ara,
868 3440 1029 3503 quae
1072 3424 1307 3489 Graece
1345 3424 1775 3505 appellabatur
1813 3422 2112 3506 θυμέλη,
2155 3423 2242 3483 ita
2283 3421 2556 3501 quidem,
2604 3430 2672 3481 ut
2728 3460 2729 3469 η

430 3524 601 3602 prius
633 3526 825 3607 mag-is
864 3527 1249 3604 recesserint,
1271 3526 1555 3587 Pratinae
1591 3544 1740 3587 vero
1769 3525 2030 3608 junioris
2075 3530 2280 3584 aetate
2319 3528 2380 3583 et
2407 3522 2670 3583 omnino
2728 3528 2729 3535 ’

432 3624 509 3687 iis
552 3628 966 3707 temporibus,
1024 3630 1243 3709 quibus
1288 3626 1567 3689 tibicines
1624 3625 2136 3708 impotentissime
2187 3624 2676 3687 dominabantur

432 3726 499 3791 in
562 3726 883 3789 orchestra
942 3729 1147 3795 locum
1206 3728 1469 3791 maxime
1527 3729 1592 3791 in
1657 3728 1872 3792 oculos
1935 3727 2300 3789 cadentem
2317 3726 2678 3802 tenuerint3

436 3829 845 3893 Schneiderus
884 3830 927 3891 l.
954 3852 1005 3893 c.
1047 3854 1109 3913 p.
1133 3832 1209 3899 8:
1264 3852 1412 3895 »zur
1441 3833 1700 3895 rechten
1731 3831 1858 3893 und
1888 3829 2096 3892 linken
2139 3830 2304 3890 Seite
2335 3828 2464 3890 der
2485 3830 2729 3912 Thy-

437 3935 654 4009 mele»,
690 3934 807 4009 ait,-
828 3932 1115 3997 »fuhrten
1151 3934 1354 4017 einige
1385 3935 1600 3999 Stufen
1631 3934 1745 3997 auf
1759 3933 1868 3994 das
1889 3934 2350 4013 Bretergeriiste
2377 3930 2494 3991 der
2535 3930 2677 3991 Or-

438 4034 705 4109 chestra,
766 4034 1001 4099 welche
1058 4036 1241 4099 nebst
1292 4036 1436 4099 dem
1489 4037 1745 4099 Geriiste
1799 4034 1926 4095 und
1974 4034 2090 4096 der
2139 4032 2438 4115 Thymele
2485 4034 2682 4095 einen

438 4154 561 4200 von
612 4136 725 4200 der
780 4140 1097 4205 Mehrzahl
1158 4140 1285 4203 der'
1322 4140 1674 4203 Zuschauer
1721 4137 1995 4220 weniger
2047 4136 2408 4199 hemerkten
2467 4138 2684 4198 Raum
2728 4216 2729 4223 ἵ

443 4239 749 4321 umgaben
771 4287 786 4315 ,
854 4242 920 4305 in
993 4243 1293 4309 welchem
1358 4243 1460 4309 die
1485 4242 1935 4325 Ple-tenspieler
2013 4240 2138 4302 und
2205 4240 2315 4301 der
2359 4238 2686 4301 Souffleur
