2759 5084
1046 165 1512 229 —113—

320 320 818 414 ἀπεπελέκησαν
862 325 985 406 τοὶς
1028 327 1267 410 πύλας·
1306 326 1394 422 ἦν
1435 332 1495 403 δ’
1537 330 1576 405 ὅ
1613 336 1873 413 κτύπος

318 424 536 500 αὐτῶν
578 428 1006 501 πελεκώντων
1044 429 1259 522 ὅσπερ
1298 442 1373 507 ἐν
1423 439 1796 526 ναυπηγίῳ.

312 529 455 599 Καὶ
499 532 631 600 νῦν
672 527 920 599 ἅπαντ’
966 538 1177 603 ἐκεῖνα
1218 536 1609 607 πεπύλωται
1647 538 1918 619 πύλαις,

312 632 419 699 καὶ
459 628 965 717 βεβαλάνωται,
1004 636 1117 703 καὶ
1160 633 1561 721 φυλάττεται
1605 634 1839 725 κύκλῳ,

312 733 733 819 ἐφοδεύεται,
774 736 1365 824 κωδωνοφορεῖται,
1406 744 1718 831 πανταχῇ
2235 744 2397 810 1160

311 837 595 921 φυλακαὶ
637 834 1079 922 καθεστήκασι
1124 840 1234 908 καὶ
1276 844 1674 929 φρυκτωρίαι

308 944 383 1007 ἐν
424 951 589 1011 τοῖσι
630 936 935 1024 πύργοις·

134 1044 307 1106 Haec
348 1042 541 1105 verba
580 1040 669 1104 ita
712 1040 826 1113 sub
888 1061 1013 1104 uno
1080 1051 1418 1125 conspectu
1479 1046 1803 1129 proposita
1865 1048 1920 1111 si
1977 1048 2112 1129 quis
2155 1049 2394 1131 integra

128 1146 493 1228 perlegerit.
527 1144 745 1226 paullo
789 1144 1169 1221 accuratius,
1237 1145 1375 1208 fieri
1421 1163 1558 1212 ‘non
1617 1149 1889 1231 poterit,
1956 1150 2104 1231 quin
2147 1168 2389 1215 meeum

126 1249 391 1319 haereat
431 1249 496 1317 in
538 1266 653 1323 eo,
718 1248 891 1327 quod
930 1247 1347 1311 Pisthetaerus
1407 1268 1446 1311 a
1486 1250 1792 1333 principio
1847 1250 2120 1333 loquitur
2163 1252 2240 1315 de
2283 1252 2388 1315 la-

126 1352 364 1427 teribus
408 1354 603 1417 coetis
661 1350 1059 1426 adhibendis,
1102 1357 1327 1433 postea
1379 1360 1586 1417 tamen
1629 1361 1947 1417 coetorum
1991 1354 2240 1437 quidem
2282 1356 2387 1417 la-

122 1464 331 1519 terum
374 1454 547 1519 nulla
591 1453 845 1517 omnino
890 1453 1121 1517 mentio
1164 1450 1261 1533 fit;
1328 1454 1394 1515 in
1437 1473 1622 1536 quam
1677 1475 1812 1518 rem
1853 1476 2120 1533 moneo,
2185 1476 2384 1521 voea-

116 1557 359 1627 hulum-
398 1557 685 1625 πλίνθοι
751 1576 869 1641 per
924 1575 993 1621 se
1050 1554 1254 1619 solum
1300 1550 1670 1639 plerumque
1729 1558 2082 1640 significare
2145 1556 2384 1623 lateres

120 1678 269 1721 ηοη.
310 1666 551 1735 coetos,
616 1657 726 1721 cfr.
786 1676 949 1739 quae
994 1657 1327 1739 disputavit
1384 1655 1720 1722 Muellerus
1763 1655 1804 1717 1.
1849 1676 1901 1722 c.
1943 1678 2006 1738 p.
2045 1660 2124 1722 14
2171 1658 2380 1725 adno-

80 1768 227 1831 .tat.
260 1760 375 1829 38.-
450 1761 609 1823 Num
650 1761 833 1841 igitur
874 1765 1099 1839 postea
1144 1757 1373 1821 oblitus
1408 1764 1504 1819 est
1543 1764 1736 1839 poeta
1781 1776 2016 1837 eorum,
2049 1777 2214 1840 quae
2257 1780 2378 1823 an-

108 1870 247 1935 tea.
290 1863 562 1939 dixeram
626 1880 707 1923 an
766 1868 990 1943 postea
1060 1860 1377 1943 negotium
1434 1860 1659 1923 lateres
1722 1860 2030 1941 coquendi
2094 1878 2232 1923 eam
2292 1864 2378 1927 ob

106 1982 406 2030 caussam
450 1963 623 2027 nullo
680 1964 877 2029 verbo
944 1963 1175 2046 attigit,
1262 1962 1433 2043 quod
1485 1962 1552 2024 id
1624 1980 1844 2045 parum
1907 1965 2236 2028 convenire
2295 1967 2377 2029 ad

104 2088 265 2131 aves
302 2069 445 2151 jure
486 2067 684 2137 videri
725 2073 971 2147 posset,
1032 2066 1121 2137 ita
1163 2073 1231 2131 ut
1270 2074 1480 2130 tamen
1525 2066 1794 2139 voluerit
1828 2068 2060 2131 lateres
2103 2068 2187 2129 ad
2229 2088 2374 2131 mu-

100 2171 393 2235 nimenta
432 2170 813 2252 pertinentes
856 2178 1071 2237 coctos
1113 2170 1337 2249 fuisse;
1399 2189 1480 2243 an
1523 2172 1808 2238 consulto
1851 2173 2000 2235 fecit
2042 2192 2172 2244 non
2217 2194 2374 2239 eve·-

100 2272 355 2335 nientia.
393 2272 530 2354 ipsa
570 2272 711 2348 illa,
756 2292 917 2354 quae
962 2271 1041 2335 de
1084 2273 1476 2337 munimentis
1519 2274 1670 2337 dicit
1718 2276 2132 2347 Pisthetaerus
2156 2323 2172 2352 ,
2231 2277 2371 2340 sin-

95 2375 259 2457 gula
302 2374 599 2454 quidem?
681 2375 775 2436 Ita
818 2394 990 2449 esse,
1034 2375 1198 2437 infra
1240 2376 1428 2437 etiam
1471 2359 1698 2440 elarius
1741 2376 2082 2457 apparebit.
2407 2366 2412 2371 ’

280 2476 541 2551 Deinde,
586 2475 756 2555 quod
800 2476 881 2537 ad
920 2476 1025 2537 Vs.
1058 2474 1185 2537 832
1228 2476 1465 2550 attinet,
1507 2477 1784 2539 videmus
1827 2476 1994 2558 fingi,
2038 2478 2366 2560 Nephelo—

94 2580 567 2663 coccygieuseS,
606 2598 798 2659 quum
840 2585 1139 2658 tanquam
1178 2576 1396 2641 coloni
1436 2577 1902 2645 Atheniensium
1952 2581 2366 2646 consideren—

91 2691 239 2758 tur,
266 2691 362 2744 ,ιιι
410 2679 595 2743 deam
647 2680 1033 2753 Athenarum
1085 2680 1412 2745 tutelarem
1468 2680 1766 2755 retenturi
1829 2678 1971 2748 sunt
2015 2682 2366 2769 ,secundum

88 2787 334 2862 verba,
374 2804 537 2866 quae
578 2785 861 2865 proxime
904 2792 1049 2848 ante
1085 2783 1261 2847 illum
1304 2803 1554 2852 versum
1596 2790 1738 2848 sunt
1777 2785 2004 2867 posita,
2043 2786 2136 2848 ita
2179 2786 2362 2854 etiam

33 2926 35 2931 ·
88 2882 521 2972 Πελαργικόν
573 2886 899 2957 habituros
964 2905 1101 2952 esse
1153 2887 1440 2968 ‘ipsorum
1505 2888 1572 2952 in
1631 2888 1806 2959 urbe.
1889 2888 1986 2949 De
2040 2886 2360 2969 Pelasgieo

83 2990 464 3055 Atheniensi
530 2988 885 3071 nuperrime
944 2986 1230 3057 dixerunt
1288 2988 1353 3051 C.
1399 2990 1475 3053 Ο.
1516 2988 1852 3061 Muellerus
1895 2988 2237 3054 Commeat.
2279 2991 2360 3056 de

82 3093 494 3161 Munimentis
536 3093 921 3159 Athenarum
961 3091 1009 3167 1,
1065 3111 1129 3171 p.
1164 3091 1203 3156 2
1248 3111 1349 3172 sq.
1409 3090 1552 3173 (vid.
1611 3093 1956 3166 Comment.
2021 3096 2166 3157 Soc.
2209 3096 2358 3177 Reg.

81 3196 327 3259 Scient.
370 3196 641 3279 Gotting.
684 3197 933 3262 Recent.
978 3192 1171 3255 Class‚
1214 3194 1448 3256 Histor.
1492 3201 1554 3255 et
1593 3193 1817 3257 Philol.
1880 3198 2056 3257 Tom.
2093 3196 2247 3280 vlu)
2296 3206 2358 3259 et

75 3300 161 3361 F.
228 3298 301 3356 A.
367 3296 653 3367 Quastius
714 3295 885 3372 libri„
949 3315 1133 3376 quem
1188 3295 1500 3375 inscripsit
1577 3296 1728 3360 «Das
1801 3297 2222 3367 Erechtheion
2277 3318 2354 3363 zu

74 3397 340 3463 Athen»
362 3441 395 3471 „
442 3415 504 3475 p.
540 3396 620 3459 12
666 3416 759 3476 sq.
828 3401 1097 3470 »Saxum
1150 3398 1383 3473 illud»,
1447 3396 1784 3467 Muellerus
1845 3399 2074 3479 inquit,
2119 3403 2354 3481 »quod

74 3498 425 3580 acropolin
467 3498 913 3569 constituerant
940 3502 1368 3577 Atheniense5‚
1413 3500 1736 3563 meridiem
1772 3520 1986 3563 versus
2033 3508 2094 3563 et
2136 3506 2352 3571 orien-

70 3614 221 3667 tem
264 3601 527 3666 arduum
569 3609 631 3669 et
670 3610 1068 3681 praeruptum
1112 3605 1447 3681 attollitur,
1489 3620 1690 3693 eaque
1731 3610 1908 3683 parte
1949 3610 2172 3666 natura
2216 3607 2352 3689 ipsa

71 3707 245 3770 satis
304 3706 601 3769 munitum
656 3724 797 3769 esse
854 3705 1209 3775 videbatur:
1276 3709 1390 3771 sed
1449 3708 1615 3771 idem
1683 3727 1899 3771 versus
1963 3708 2350 3772 occidentem

68 3807 387 3872 molliore
429 3808 593 3871 flexu
650 3808 1035 3883 ascenditur,
1089 3808 1299 3889 ibique
1357 3830 1486 3873 non
1551 3811 1686 3875 sine
1741 3812 1988 3876 structis
2053 3810 2348 3890 operibus

64 3910 365 3977 hostium
420 3911 863 3975 incursionem·
895 3931 1111 3977 arcere
1172 3921 1438 3993 poterat.
1547 3915 1660 3981 His
1724 3916 1882 3980 locis
1963 3911 2346 3993 Pelasgieum

68 4015 237 4089 suit,
281 4033 319 4081 a
358 4016 753 4097 Propylaeis‚
800 4026 960 4097 quae
1004 4023 1225 4097 postea
1262 4018 1693 4093 struebantur,
1739 4036 1954 4081 versus
1991 4014 2176 4084 ,Panis
2221 4034 2344 4079 an-

64 4128 253 4181 trum
286 4126 348 4181 et
386 4137 603 4181 versus
638 4118 967 4183 delubrum
1008 4120 1331 4183 Furiarum
1377 4127 1438 4181 et
1471 4119 1870 4201 Areopagum
1901 4115 2154 4183 collem:
2185 4136 2343 4186 ,mu-

66 4221 459 4295 nimentum,
531 4229 597 4282 ut
649 4219 925 4299 videtur,
992 4241 1029 4285 e
1092 4223 1320 4305 duplici
1380 4240 1560 4285 muro
1626 4220 2072 4305 compositum,
2131 4220 2222 4285 ita
2281 4230 2345 4298 ut
