2759 5084
980 239 1396 302 -37-

72 405 426 467 hominihus
469 405 796 483 tribuatur,
849 427 928 470 ex
965 408 1138 482 loco,
1205 409 1308 490 qui
1361 417 1455 472 est
1496 413 1601 474 Vs.
1632 411 1759 475 358
1796 431 1929 493 sqq.
1947 457 1963 486 ,
2032 419 2307 492 apparet,

71 509 138 568 'et
183 506 354 588 quod
401 507 776 572 facetissimo
826 518 1014 592 poeta
1057 527 1172 590 per
1215 519 1307 573 est
1351 512 1629 594 dignum,
1688 513 1741 575 si
1782 533 1937 575 unus
1977 512 2309 594 Euelpides

67 609 296 689 plurali
349 629 609 673 numero
657 613 1000 693 appellatur
1052 607 1172 697 λεῷ
1227 619 1288 674 et
1341 609 1629 681 ὁπλῖται.
1735 617 1922 677 Recte
1968 617 2099 698 jam
2146 615 2307 676 Din—

67 709 310 772 dorfius
365 712 430 773 iu
485 731 564 774 ea
617 714 1040 796 Aristophanis
1101 714 1399 791 editione,
1474 734 1635 797 quae
1690 717 1915 778 Oxonii
1972 717 2193 779 emissa
2244 717 2309 777 in

67 815 274 877 lucem
319 826 440 892 est,
481 820 706 892 verba,
751 818 832 881 de
865 817 1085 897 quibus
1118 819 1625 894 sermocinamur,
1668 819 2049 882 Pisthetaero
2080 817 2307 881 tribuit.

65 1023 504 1083 Demeam-tur,
529 1023 782 1088 quattuor
813 1018 938 1070 illas
973 1037 1097 1074 aves
1121 1021 1356 1074 musicos
1384 1019 1535 1072 chori
1562 1037 1696 1074 esse.
1770 1021 2121 1091 Explicantur
2146 1018 2307 1072 verba

21 1111 26 1122 “
257 1114 470 1178 poetae.
543 1107 736 1176 Agitur
770 1107 836 1158 de
872 1107 1048 1176 patria
1081 1107 1254 1176 deque
1289 1107 1481 1160 habitu
1517 1110 1733 1160 scenico
1774 1109 2115 1162 musicorum.

235 1231 405 1312 Ergo
447 1231 632 1293 aliam
670 1231 912 1293 illarum
953 1237 1242 1312 quattuor
1281 1231 1487 1294 avium
1528 1233 1993 1315 explicationem
2036 1231 2307 1294 circum-

58 1334 394 1415 spiciamus
439 1340 703 1415 oportet.
787 1333 926 1406 Qua
967 1333 1030 1394 in
1073 1353 1144 1394 re
1184 1333 1698 1414 proficiscendum
1734 1344 1828 1398 est
1868 1335 1949 1398 ab
1984 1355 2092 1411 eo,
2137 1332 2306 1414 quod

56 1438 348 1517 proxime
390 1444 534 1499 ante
568 1435 827 1499 chorum
859 1435 1242 1498 orchestram
1277 1438 1719 1520 ingrediuntur.
1808 1439 2300 1512 «orchestram»

55 1540 348 1619 inquam,
411 1538 960 1621 «ingrediuntur»;
1019 1555 1163 1600 nam
1219 1559 1326 1603 eas
1380 1542 1772 1623 proscenium
1826 1561 1951 1605 non
2006 1561 2145 1604 esse
2198 1543 2305 1603 in—

56 1660 306 1724 gressas
324 1687 342 1717 ,
400 1643 498 1704 vel
543 1661 620 1702 ex
664 1661 744 1704 eo
785 1650 1074 1723 apparet,
1119 1644 1288 1724 quod
1329 1663 1585 1726 prorsus
1628 1664 1831 1726 neque
1874 1653 2063 1727 agunt
2104 1661 2305 1724 neque

53 1744 412 1826 loquuntur.
512 1743 667 1805 Illud
723 1751 931 1806 autem
977 1745 1108 1826 jam
1166 1765 1283 1826 per
1331 1764 1403 1806 se
1460 1747 1661 1809 solum
1702 1765 1781 1809 eo
1826 1748 2021 1820 ducit,
2086 1753 2151 1807 ut
2189 1745 2307 1808 has

53 1865 210 1909 aves
269 1846 538 1909 musicos
599 1846 774 1909 chori
833 1847 1022 1908 fuisse
1087 1848 1519 1910 existimemus.
1629 1851 1829 1930 Atque
1890 1850 1975 1911 ita
2040 1867 2178 1910 esse
2238 1857 2307 1909 ut

53 1949 418 2024 credamus,
477 1949 744 2030 plurima
795 1953 980 2012 etiam
1029 1951 1093 2011 in
1141 1951 1290 2032 ipsis
1331 1960 1557 2033 poetae
1600 1952 1807 2014 verbis
1850 1953 2081 2026 insunt,
2142 1967 2303 2032 quae

46 2051 380 2114 suadeant.
481 2053 620 2115 Non
662 2051 1004 2129 adhibebo,
1059 2053 1184 2116 hoc
1227 2055 1475 2134 quidem
1512 2055 1683 2130 loco,
1743 2054 1822 2117 ad
1864 2056 2303 2116 demonstran-

53 2155 210 2216 dum
257 2151 428 2215 illam
477 2173 726 2229 vocem,
788 2173 972 2236 quam
1011 2154 1569 2239 Phoenicopterum
1612 2159 1805 2220 edere
1846 2158 1949 2220 Vs.
1977 2156 2099 2219 267
2140 2155 2303 2216 inter

47 2256 531 2338 ingrediendum
586 2275 773 2339 supra
819 2258 1100 2320 vidimus.
1195 2259 1320 2321 Sed
1362 2262 1469 2321 Vs.
1506 2261 1629 2324 276
1682 2261 1877 2344 gallus
1931 2259 2301 2342 gallinaceus

51 2359 370 2442 expressis
411 2361 618 2422 verbis
665 2369 921 2424 vocatur
962 2355 1545 2446 μουσόμαντις
1594 2359 1789 2443 ὄρνις.
1876 2362 2071 2444 Magis
2116 2361 2301 2422 etiam

46 2463 294 2523 idonea
344 2463 425 2524 ad
475 2471 748 2525 nostram
802 2462 1170 2524 sententiam
1215 2464 1744 2546 comprobandam
1797 2474 1938 2526 sunt
1978 2484 2082 2540 ea,
2140 2480 2301 2543 quae

45 2569 206 2630 loco
279 2565 716 2647 Aristophanio
789 2573 1000 2628 notata
1066 2565 1272 2645 polius
1349 2567 1740 2646 reperiuntur
1814 2575 1877 2627 et
1944 2564 2299 2648 significata,

46 2687 250 2750 quam
295 2667 494 2730 verbis
539 2684 848 2747 expressa.
949 2666 1029 2728 Et
1066 2666 1332 2747 primum
1375 2666 1626 2748 quidem
1670 2685 1885 2729 omnes
1924 2668 2067 2730 illae
2110 2675 2301 2750 quat-

45 2781 204 2834 tuor
245 2789 392 2834 aves
442 2770 810 2852 peregrinae
853 2777 1013 2832 sunt.
1106 2769 1665 2852 Phoenicopterum
1710 2789 1846 2832 esse
1862 2818 1878 2846 ,
1936 2779 2125 2854 poeta
2164 2774 2297 2856 ipse

43 2873 424 2960 significavit
473 2875 580 2937 Vs.
617 2871 735 2936 271
783 2881 848 2936 et
887 2873 1034 2935 275.
1128 2875 1207 2936 Et
1257 2875 1603 2956 appellatur
1654 2875 1820 2956 apud
1874 2875 2297 2952 Heliodorum,

39 2979 348 3059 Aethiop.
385 2976 504 3051 vl,
547 2975 586 3036 3
606 3021 622 3050 ,
693 2974 988 3058 Νειλῷος
1047 2971 1568 3061 φοινικόπτερος.
1682 2974 1861 3057 Apud
1920 2977 2297 3052 Iuvenalem,

40 3087 184 3146 Sat.
217 3081 338 3155 XI,
387 3077 540 3153 139,
610 3078 772 3140 haec
823 3077 952 3140 avis
1011 3088 1526 3143 commemoratur
1579 3079 1827 3161 quidem
1880 3079 2087 3142 medio
2138 3080 2299 3142 inter

36 3184 372 3269 Scythicas
413 3181 698 3247 volucres
742 3189 806 3244 et
835 3181 1155 3244 Gaetulum
1199 3201 1455 3265 orygem
1496 3184 1670 3259 loco,
1711 3185 1827 3246 sed
1870 3203 1947 3246 ex
1987 3183 2113 3246 hoc
2152 3183 2295 3246 loco

36 3293 128 3353 de
191 3291 327 3370 ipsa
376 3286 846 3368 phoenicopteri
894 3285 1096 3367 patria
1145 3292 1316 3348 certa
1357 3287 1710 3369 conjectura
1752 3287 1889 3368 capi
1930 3287 2033 3348 vix
2071 3294 2295 3367 potest.

31 3397 287 3466 Porro,
345 3393 530 3455 etiam
581 3393 808 3474 gallum
862 3389 1262 3473 gallinaceum
1318 3409 1499 3454 avem
1552 3397 1826 3453 exteram
1878 3410 2046 3465 esse,
2106 3398 2296 3472 poeta

30 3500 191 3578 ipse
235 3493 388 3556 dixit
425 3495 531 3556 Vs.
563 3491 720 3569 275,
777 3501 840 3555 et
877 3494 1080 3574 ipsum
1121 3511 1349 3556 nomen
1393 3493 1663 3575 Μῆδος,
1723 3491 2048 3576 Περσικὸς
2089 3489 2295 3576 ὄρνις,

30 3603 126 3662 de
187 3617 313 3679 quo
365 3597 508 3662 vide
550 3599 655 3659 Vs.
689 3597 843 3673 485,
880 3597 1022 3672 707,
1061 3596 1216 3673 833,
1273 3595 1672 3658 demonstrat.
1770 3593 1955 3678 Cujus
2007 3595 2295 3678 appella-

25 3700 237 3764 tionis
281 3718 467 3780 quam
506 3699 890 3782 Boettigerus
931 3717 1210 3761 caussam
1251 3700 1441 3763 fuisse
1484 3697 1770 3781 opinatur
1808 3698 1971 3761 libro
2014 3699 2094 3762 de
2136 3718 2294 3781 per-

24 3821 214 3867 sona
254 3803 511 3880 Furiali,
563 3825 625 3885 p.
659 3801 758 3879 37,
816 3803 956 3866 adn.
1003 3799 1086 3884 (C.
1115 3803 1186 3863 A.
1209 3802 1529 3884 Bottiger’s
1584 3801 1789 3863 kleine
1833 3801 2139 3864 Schriften
2181 3820 2293 3864 ar-

23 3905 538 3988 chfiologischen
577 3907 707 3968 und
749 3905 1241 3989 antiquarischen
1279 3906 1531 3980 Inhalts,
1578 3906 1937 3988 gesammelt
1974 3905 2099 3968 und
2132 3905 2291 3966 her-

21 4008 452 4090 ausgegeben
507 4029 632 4072 von
687 4010 877 4072 Julius
932 4003 1138 4092 Sillig,
1195 4009 1332 4072 Vol.
1363 4007 1426 4084 1,
1481 4027 1545 4090 p.
1580 4007 1730 4092 211)
1752 4057 1769 4085 ,
1847 4028 1923 4070 ea
1976 4028 2101 4070 non
2160 4009 2289 4071 fuit.

18 4111 317 4176 Meliora
350 4110 587 4174 discere
618 4113 715 4177 vir
745 4114 936 4175 multo
968 4131 1068 4174 me
1103 4111 1401 4176 eruditior
1429 4121 1677 4194 poterat
1701 4116 1835 4196 jam
1865 4132 1942 4173 ex
1971 4120 2289 4194 postremo

19 4219 160 4278 illo
207 4223 437 4296 poetae
481 4216 654 4293 loco,
710 4219 854 4299 quin
899 4219 1081 4281 etiam
1128 4237 1205 4279 ex
1245 4219 1477 4300 primo,
1540 4215 1833 4299 imprimis
1883 4227 2037 4278 vero
2082 4235 2160 4277 ex
2197 4215 2289 4288 iis,

18 4337 211 4403 quae
261 4317 680 4384 disseruerunt
729 4322 928 4394 Varro
977 4330 1040 4384 et
1080 4321 1416 4385 Columella
1466 4319 1545 4384 de
1592 4341 1667 4382 re
1719 4319 1965 4382 rustica
2018 4323 2288 4463 agersses,
