2759 5084
964 777 1511 842 ERRATA.

224 1028 364 1099 Pog.
400 1024 455 1086 6,
493 1024 597 1077 lin.
638 1022 702 1075 15
744 1022 905 1077 scrib.
950 1022 1175 1093 ἐπράθη.
1216 1051 1283 1065 —·
1332 1023 1394 1073 Ρ.
1429 1021 1484 1082 6,
1537 1021 1578 1073 l.
1615 1020 1646 1071 6
1685 1020 1754 1075 ati
1803 1025 1896 1075 im.
1938 1042 2066 1094 pag.
2104 1030 2228 1075 ante
2266 1042 2353 1075 vo-

76 1116 197 1149 cem
237 1096 363 1151 arte
384 1096 699 1149 intercidit:
742 1112 924 1167 quam.
963 1124 1033 1135 —
1068 1095 1129 1144 Ρ.
1160 1092 1215 1155 6,
1251 1094 1292 1145 l.
1320 1092 1348 1142 5
1374 1094 1444 1144 ab
1473 1094 1567 1144 im.
1601 1111 1725 1163 pag.
1759 1112 1863 1147 ser.
1891 1096 2043 1147 dom'.
2076 1126 2148 1137 -
2180 1098 2240 1147 P.
2269 1096 2357 1155 12,

74 1171 115 1220 l.
164 1170 191 1219 1
236 1186 347 1221 ser.
384 1168 585 1239 placet.
622 1196 688 1209 —-
728 1167 791 1217 Ρ.
825 1165 915 1227 16,
951 1165 989 1215 l.
1025 1164 1093 1215 14
1128 1164 1197 1217 ab
1232 1165 1325 1216 im.
1365 1182 1490 1234 pag.
1517 1182 1620 1217 scr.
1652 1178 1783 1225 τοῖς.
1815 1197 1878 1208 —-·
1917 1169 1979 1218 P.
2007 1167 2102 1228 21,
2138 1168 2180 1218 1.
2220 1168 2250 1217 5
2287 1168 2353 1218 ab

71 1244 173 1291 im.
231 1258 362 1310 pag.
414 1246 540 1308 poet
574 1254 759 1292 vocem
796 1238 881 1289 vir
910 1236 1141 1289 excidit=
1181 1236 1419 1307 quidam.
1463 1264 1530 1276 —-
1578 1237 1640 1286 Ρ.
1679 1237 1768 1298 50,
1803 1240 1848 1290 l.
1882 1238 1939 1289 11
1983 1239 2052 1290 ab
2092 1240 2186 1289 im.
2225 1257 2354 1309 pag.

70 1318 211 1381 post
233 1310 400 1365 verba
426 1311 642 1381 signum
672 1308 903 1361 canendi
928 1308 1237 1360 intercidit:
1280 1308 1463 1360 choro.
1488 1337 1554 1347 —-
1595 1309 1656 1361 P.
1691 1308 1780 1371 53,
1818 1310 1859 1361 l.
1890 1309 1953 1361 13
1989 1311 2059 1364 ab
2097 1311 2190 1361 im.
2226 1329 2351 1382 pag.

66 1400 187 1440 scr.
226 1382 497 1437 discimus.
543 1408 611 1425 --
658 1381 717 1431 Ρ.
753 1378 841 1441 57,
881 1376 923 1431 I.
963 1378 994 1429 6
1043 1379 1112 1431 ab
1154 1380 1247 1429 im.
1295 1397 1421 1448 pag.
1469 1396 1574 1430 ser.
1616 1377 2004 1447 κοκκοβὸαν.
2043 1412 2113 1422 -
2163 1384 2222 1433 Ρ.
2262 1382 2354 1444 62,

53 1456 111 1504 1.
163 1453 196 1503 3
236 1454 305 1503 ab
342 1455 437 1505 im.
480 1470 605 1520 pag.
647 1468 752 1503 ner.
792 1450 1147 1503 Florentinis.
1188 1479 1259 1490 —
1299 1449 1470 1509 Ρ.71,
1507 1450 1552 1519 Ι.
1589 1448 1652 1501 16
1691 1468 1799 1504 ser.
1818 1456 2022 1525 posuit.
2063 1484 2133 1494 —
2171 1455 2230 1505 Ρ.
2261 1453 2353 1516 71,

67 1526 115 1576 l.
149 1523 183 1574 3
210 1525 281 1575 ab
309 1526 405 1577 im.
438 1541 565 1594 pag.
598 1539 702 1574 ser.
732 1522 999 1573 molinus.
1033 1550 1099 1561 —
1140 1523 1201 1572 Ρ.
1226 1520 1320 1582 77,
1354 1522 1400 1573 l.
1437 1521 1468 1571 3
1511 1520 1578 1572 ab
1621 1522 1713 1573 im.
1749 1542 1878 1593 pag.
1913 1543 2048 1594 prox
2111 1525 2354 1576 dextram

53 1614 183 1647 ¹ser.
225 1598 518 1647 sinistram.
556 1620 624 1633 -
666 1595 725 1645 Ρ.
756 1592 850 1652 82,
886 1593 927 1643 l.
966 1592 1038 1644 22
1072 1610 1180 1645 ser.
1220 1592 1674 1665 epiphtheqmate.
1721 1624 1791 1636 —
1827 1597 1890 1646 Ρ.
1925 1597 2016 1658 84,
2053 1596 2094 1646 l.
2137 1595 2204 1646 13
2242 1614 2350 1649 ser.

53 1686 246 1733 *unam
295 1676 520 1736 partem.
578 1694 648 1705 -—
704 1666 766 1714 Ρ.
806 1662 899 1723 86,
948 1663 991 1715 l.
1038 1663 1100 1714 16
1136 1664 1205 1715 ab
1256 1666 1349 1714 im.
1403 1681 1530 1732 pag.
1568 1681 1673 1716 ner.
1712 1668 1866 1728 οἴμοι.
1904 1696 1970 1707 -
2013 1670 2076 1719 Ρ.
2106 1666 2197 1719 89.
2233 1668 2276 1723 l.
2322 1668 2345 1719 1

58 1754 181 1789 scr.
224 1738 293 1788 οἶ.
336 1767 401 1778 -
444 1738 506 1787 Ρ.
536 1734 629 1795 96,
675 1735 718 1786 l.
773 1734 839 1785 18
886 1734 956 1785 al»
1003 1735 1096 1785 im.
1136 1752 1263 1803 pag.
1300 1742 1428 1787 ante
1463 1738 1737 1799 βασιλεῖ
1765 1738 2046 1791 intercidit
2080 1736 2236 1809 θύῃ.
2279 1770 2349 1780 -

61 1811 142 1857 Ρ.
190 1806 288 1865 96,
322 1807 365 1856 1.
404 1806 466 1857 14
502 1808 570 1859 ab
607 1808 700 1858 im.
741 1824 868 1877 pag.
906 1824 1005 1875 pro
1041 1807 1219 1859 verbis
1253 1824 1357 1859 ner.
1396 1806 1654 1859 versibus.

212 2268 475 2320 Leviores
527 2271 783 2337 quondam
836 2268 1149 2337 typothetae
1200 2286 1410 2321 errores
1466 2271 1522 2320 in
1571 2271 1748 2323 verbis
1797 2269 2161 2322 exscribendis
2199 2289 2341 2323 eom-

66 2358 261 2407 missos
300 2362 357 2408 et
390 2356 844 2425 interpunctionis
883 2357 1039 2423 signa
1090 2356 1186 2407 nbi
1230 2374 1341 2407 non
1393 2350 1541 2409 necte
1592 2360 1771 2427 posita
1811 2360 1954 2419 sint,
1996 2358 2090 2410 ubi
2140 2365 2340 2411 temere

67 2445 302 2507 omissa,
364 2444 605 2495 indicare
644 2445 1077 2516 supersedemus.
