2759 5084
1018 204 1436 267 μεθ-

132 390 305 453 quem
340 372 649 437 tibicinem
692 390 819 435 non
858 370 1341 455 adspectabilem
1397 372 1650 453 upupae
1701 368 2130 435 concinuisse?
2213 370 2335 435 sod

129 474 279 538 haec
302 522 319 551 ,
382 494 545 556 quae
622 475 793 537 baud
842 482 1137 556 tanquam
1192 481 1361 541 certa
1421 475 1602 555 posui
1675 474 1948 550 decreta,
2027 471 2166 535 aliis
2237 486 2337 533 me

129 578 501 641 doctioribus
544 585 729 658 atque
768 577 1143 643 acutioribus
1184 577 1466 658 relinquo
1513 577 1866 660 judicanda.
1907 608 1990 627 κω
2032 573 2338 637 Tibicines

126 700 247 741 uon
300 682 384 743 ad
440 680 697 743 chorum
752 679 1125 760 pertinentes
1143 726 1159 755 ,
1218 697 1421 759 aeque
1474 686 1658 761 atque
1717 678 1798 741 de
1850 677 2108 741 luscinia
2157 684 2220 741 et
2261 678 2340 739 de
2438 755 2443 760 ι

124 802 307 845 corvo
345 784 474 866 jam
514 799 703 862 supra
744 780 1135 862 conjecimus,
1172 781 1449 862 geminas
1489 780 1788 843 babuisse
1825 780 2008 845 tibias
2030 828 2046 857 ,
2087 788 2342 861 apparet
2433 848 2438 853 ⁸

126 884 301 947 etiam
346 904 424 947 ex
462 883 619 945 locis
660 882 1039 965 Lysistratus
1080 890 1267 963 atque
1319 882 1878 945 Ecclesiazusarum
1929 880 2120 944 modo
2179 880 2340 942 cita-

120 986 230 1063 tis;
296 993 563 1067 utroque
606 987 767 1051 enim
827 985 973 1053 loco
1026 986 1305 1066 quamvis
1347 986 1428 1049 de
1479 1005 1604 1047 uno
1659 985 1802 1047 solo
1843 985 2095 1049 tibicine
2137 1000 2339 1046 sermo
2417 987 2427 997 '

118 1089 225 1165 sit,
268 1086 657 1170 appellantur
696 1094 903 1153 tamen
925 1133 942 1164 ,
984 1086 1129 1153 illo:
1172 1078 1255 1153 voi
1302 1080 1668 1171 φυσατήρια
1709 1094 1774 1150 et
1815 1092 1886 1153 αἱ
1933 1084 2340 1173 φυοαλλίδες,

115 1190 269 1253 hoc:
328 1193 393 1255 οἱ·
446 1181 653 1257 αὐλοί.
768 1189 1055 1257 Geminos
1113 1190 1291 1254 tibias
1346 1210 1534 1271 quum
1585 1190 1652 1253 in
1704 1191 1936 1254 Avibus
1975 1189 2215 1273 agenda
2253 1188 2340 1251 ita

114 1298 399 1373 gestatas·
427 1298 565 1353 esse
604 1290 687 1352 ab
726 1292 945 1357 avibus
990 1292 1169 1356 chori
1220 1293 1500 1357 tibicines
1542 1293 2138 1375 repraesentantibus
2181 1310 2342 1355 con-

97 1403 473 1474 ⁴sentnneum
516 1394 596 1457 sit
634 1399 931 1471 statuere,
986 1414 1101 1459 eae
1142 1402 1211 1459 ut
1251 1404 1396 1479 apte
1437 1396 1672 1459 referre
1723 1406 1926 1463 rostra
1981 1404 2196 1477 aperta
2235 1396 2340 1457 vi·-

114 1498 243 1561 deri
283 1505 587 1581 possent,
652 1496 837 1559 facile
878 1496 1099 1579 aliquis
1140 1518 1219 1562 eo
1260 1484 1536 1577 inclinet,
1601 1508 1668 1562 ut
1709 1506 1978 1575 censeat,
2035 1500 2158 1562 illis
2202 1500 2341 1560 avi-

110 1601 225 1669 bus
264 1606 573 1683 personas
616 1598 839 1675 fuisse,
880 1600 947 1661 in
990 1601 1209 1681 quibus
1252 1601 1420 1666 fixae
1461 1608 1670 1665 essent
1709 1601 1915 1663 tibiae.
1993 1602 2152 1664 Aves
2195 1601 2338 1667 uni-

113 1722 327 1767 versas
394 1710 759 1785 personatus
798 1702 1008 1780 fuisse,
1062 1711 1231 1767 recte
1280 1705 1410 1787 jam
1455 1705 1761 1769 Genellius
1813 1705 2052 1766 monuit
2092 1704 2131 1765 l.
2175 1725 2227 1766 c.
2279 1726 2341 1787 p.

109 1808 252 1885 260,
298 1806 443 1870 adn.
468 1808 543 1869 17
591 1804 727 1868 aliis
773 1806 989 1870 ductus
1030 1808 1390 1884 rationibuS,
1435 1816 1622 1889 atque
1663 1808 1850 1870 etiam
1883 1826 1998 1870 uos
2037 1808 2106 1869 id
2139 1808 2340 1889 ipsum

108 1912 338 1974 saltem
378 1909 445 1971 in
482 1908 715 1991 gallum
757 1906 1163 1989 gallinaceu—
1206 1909 1430 1973 cadere
1471 1918 1640 1973 certo
1684 1910 1990 1977 affirmare
2029 1912 2344 1975 audemus-

108 2014 237 2077 Sed
282 2013 407 2077 alia
447 2030 546 2075 res
590 2016 681 2073 est
724 2010 805 2071 de
842 2011 1055 2073 avibus
1088 2012 1366 2076 tibicines
1396 2013 1734 2096 agentibus.
1819 2012 2124 2076 'tibicines
2161 2013 2343 2076 etiam

108 2118 267 2183 alias
327 2113 609 2198 personis
675 2114 980 2190 caruisse,
1049 2115 1129 2176 de
1194 2115 1564 2191 rationibus,
1631 2124 1702 2179 ut
1741 2116 1890 2181 mihi
1952 2116 2198 2197 quidem
2241 2115 2346 2179 vi·-

108 2220 297 2282 detur
319 2266 335 2296 ,
392 2219 539 2281 satis
598 2216 845 2283 idoneis
886 2218 1203 2284 contendit
1246 2218 1560 2285 Genellius
1621 2239 1680 2300 p.
1716 2220 1856 2286 154.
1957 2222 2166 2284 Utrum
2221 2219 2348 2300 igi-

110 2332 213 2385 tur
268 2323 478 2406 potius
544 2320 933 2385 statuendum
976 2322 1123 2396 erit,
1192 2340 1299 2383 eas
1340 2328 1468 2389 tres
1525 2340 1672 2384 aves
1729 2321 2122 2385 solummodo
2187 2322 2348 2385 inter

107 2422 621 2507 ingrediendum,
674 2440 791 2501 per
835 2438 1017 2499 quam
1070 2422 1462 2485 occasionem
1514 2423 1790 2503 reliquae
1831 2422 2019 2497 nihil,
2076 2423 2348 2506 phoeni-

104 2535 411 2609 copterus
452 2540 650 2603 pauca
708 2521 1041 2587 admodum
1090 2523 1393 2600 canebat,
1433 2542 1734 2605 personas
1791 2530 2064 2606 gestasse
2119 2542 2348 2605 easque

100 2634 359 2711 postea,
402 2642 589 2705 quum
630 2624 1075 2704 spectatoribus
1116 2631 1289 2707 terga
1327 2626 1751 2701 obverterent,
1796 2626 2193 2707 deposuisse3
2269 2645 2348 2689 an
2465 2706 2470 2711 ι

102 2728 473 2799 credibilius
526 2726 859 2805 videbitur,
912 2722 1167 2790 Comico
1212 2729 1626 2793 condonatum
1685 2748 1856 2805 esse,
1913 2729 2082 2810 quod
2123 2736 2346 2810 postu-

102 2836 285 2895 laret
305 2878 323 2907 ‚
382 2837 451 2891 ut
490 2829 773 2913 geminae
814 2829 1002 2891 tibiae
1044 2850 1230 2893 manu
1270 2838 1478 2893 tentae
1519 2850 1638 2911 pro
1675 2832 1890 2894 rostris
1931 2830 2348 2893 haberentur?

105 2938 263 2997 Hoc
306 2930 711 2993 certissimum
755 2938 877 3006 est,
920 2950 1127 3011 neque
1164 2932 1488 2995 lusciniam
1535 2950 1734 3012 neque
1779 2950 2035 2993 corvum
2077 2940 2348 3013 gestasse
2421 3014 2424 3019 Ι

106 3052 427 3118 personas
491 3032 687 3097 videri
746 3052 935 3115 posse
998 3034 1097 3096 vel
1150 3054 1285 3097 eam
1328 3036 1415 3097 ob
1475 3053 1782 3112 caussam,
1847 3034 2016 3116 quod
2079 3036 2346 3118 capistra

105 3140 491 3203 habuerunt.
531 3172 617 3189 -·
656 3136 837 3199 Ratio
854 3184 871 3213 ,
926 3156 1047 3219 qua
1102 3137 1277 3199 chori
1333 3138 1600 3205 musicos
1655 3137 2072 3221 ingredientes
2115 3139 2349 3222 depre-

106 3241 451 3304 hendimns
492 3239 555 3300 in
600 3238 1009 3315 orchestram,
1071 3240 1394 3323 singularis
1437 3247 1545 3303 est.
1643 3240 1954 3301 Prodeant
2006 3241 2168 3303 enim
2207 3242 2352 3303 illae
2413 3235 2416 3239 ’

106 3364 277 3409 aves
318 3364 443 3405 non
485 3344 663 3410 simul
706 3364 845 3405 cum
904 3345 1125 3419 choro,
1194 3345 1338 3421 sed,
1405 3364 1771 3425 quamquam
1831 3343 2077 3426 paullo,
2145 3352 2348 3405 tamen

106 3456 297 3524 ante,
343 3464 526 3527 quam
572 3442 675 3508 hic
708 3447 1103 3527 progreditur
1144 3447 1206 3509 in
1240 3447 1658 3523 orchestram3
1701 3465 1890 3527 porro
1935 3464 2136 3525 neque
2177 3446 2350 3526 ipsae

102 3551 457 3613 adveniunt
509 3566 661 3623 una,
724 3547 838 3609 sed
878 3566 992 3627 per
1031 3551 1381 3627 intervalla,
1445 3550 1568 3612 alia
1619 3558 1766 3631 post
1806 3550 2008 3612 aliam.
2089 3549 2348 3613 Diversa

104 3663 213 3716 est
282 3672 359 3714 ca
424 3647 771 3733 prodeundi
833 3648 993 3709 ratio
1016 3696 1030 3723 ,
1092 3668 1215 3731 qua
1276 3654 1365 3716 uti
1425 3652 1640 3716 solitos
1701 3671 1841 3715 esse
1893 3650 2170 3716 tibicines
2230 3651 2348 3713 sibi

100 3753 645 3817 finxit-Genellius
708 3750 750 3810 l.
798 3770 849 3811 c.
893 3770 953 3831 p.
988 3752 1126 3812 155.
1228 3754 1506 3818 Dubitari
1551 3755 1801 3818 omnino
1845 3762 2086 3837 potest,
2144 3763 2346 3816 utrum

101 3878 261 3920 unsa
306 3863 563 3918 tantum
602 3854 800 3929 fuerit,
832 3870 925 3913 ‘an
966 3853 1193 3917 variae.
1292 3856 1478 3929 Quod
1519 3861 1600 3921 ad
1642 3861 1821 3937 banc,
1865 3838 2050 3942 quam
2089 3859 2153 3917 in
2194 3856 2348 3917 Avi-

98 3963 233 4022 bus
278 3958 553 4021 videmus
596 3977 711 4018 usu
753 3956 1030 4033 venisse,
1074 3958 1318 4034 attinet,
1380 3978 1514 4021 eam
1557 3960 1752 4041 ipsam
1797 3962 1981 4025 facile
2023 3958 2204 4019 alicui
2245 3957 2348 4018 vi·-

100 4062 255 4125 deri
274 4059 475 4141 possit
502 4076 577 4121 ea
610 4059 689 4119 de
719 4076 939 4121 caussa
964 4068 1208 4123 secutus
1245 4082 1379 4125 esse
1409 4070 1616 4143 poeta,
1661 4074 1728 4127 ut
1755 4065 1870 4145 ipsi
1902 4062 2148 4123 occasio
2187 4057 2350 4124 esset

98 4161 505 4243 explicandi,
543 4161 813 4244 jocandi,
857 4170 1125 4243 satyram
1166 4164 1504 4226 adhibendi
1545 4166 1650 4243 ita,
1697 4174 1761 4227 ut
1799 4164 1960 4227 fecit.
2043 4164 2344 4239 Attamen,

100 4286 191 4327 ex
242 4284 389 4327 mea·
424 4264 669 4346 quidem
714 4266 1031 4341 sententia,
1076 4268 1355 4330 Comicus
1397 4268 1522 4331 hoc
1566 4270 1754 4332 modo
1787 4270 1984 4331 minus
2019 4269 2178 4329 bene
2212 4283 2341 4327 rem
