2759 5084
977 261 1397 320 ...13-

57 430 248 492 refert
291 430 656 511 quidquam,
702 429 871 510 quod
913 429 1080 492 Atlas
1124 447 1274 492 sane
1311 449 1449 494 cum
1488 434 1795 514 pluribuS,
1840 435 2107 518 Typhon
2141 437 2308 499 solus

55 535 166 595 diis
224 533 464 594 restitit.
563 533 729 594 Atlas
788 533 979 608 enim,
1043 552 1224 613 quem
1275 535 1510 614 primus
1556 538 2045 620 mythographus
2086 539 2349 601 latinus·

55 639 174 699 fab.
212 637 333 701 183
391 637 746 720 simpliciter
799 637 1083 698 Titanum
1145 636 1364 699 ducem
1427 639 1726 722 appellat,
1801 648 1969 703 certe
2026 641 2309 703 Titanum

56 744 174 803 dux
231 743 346 805 fuit
399 743 463 803 in
517 742 620 803 illa
674 759 910 823 pugna,
971 741 1026 803 is
1083 749 1152 804 ut
1203 743 1365 803 hene
1421 744 1540 804 dici
1593 751 1807 824 posset
1864 744 2069 807 πᾶσιν
2123 751 2313 818 θεοῖς

55 839 469 927 ἀντιστῆναι.
551 844 767 907 Elucet
810 846 1057 919 saltem,
1100 846 1437 929 Aeschylo,
1480 845 1567 907 illi
1609 845 1703 908 rei
1746 847 1798 908 si
1844 846 1990 927 quid
2033 846 2309 907 tribuere

57 946 352 1021 voluerit,
430 945 820 1007 scribendum
879 947 1070 1008 fuisse
1133 948 1312 1008 aliter
1373 953 1559 1028 atque
1619 949 1681 1007 in
1739 947 1913 1009 libris
1976 967 2155 1008 mser.
2216 956 2313 1007 est

54 1049 363 1128 scriptum.
470 1047 640 1110 Haec
699 1051 752 1109 si
811 1056 979 1110 recte
1041 1068 1077 1110 a
1139 1068 1237 1109 me
1299 1056 1441 1110 sunt
1500 1049 1834 1130 disputata,
1908 1050 2085 1124 illae,
2158 1067 2309 1128 quas

53 1169 236 1230 supra
281 1149 654 1232 significavi,
721 1152 1184 1214 emendationes
1229 1153 1415 1234 inque
1462 1171 1676 1214 earum
1725 1172 1988 1214 numero
2033 1153 2309 1214 nonnul-

53 1254 180 1328 lae,
271 1271 431 1333 quae
497 1271 648 1314 sane
715 1272 899 1334 quam
964 1254 1287 1335 speciosae
1354 1263 1528 1330 sunt,
1612 1254 1978 1338 abjiciantur
2040 1264 2307 1338 oportet.

51 1355 423 1431 Restabunt,
487 1364 553 1419 ut
593 1359 824 1419 Butleri
876 1359 1189 1420 inventum-
1226 1361 1356 1441 jam
1410 1361 1677 1435 mittam,
1741 1360 2103 1423 Schneider-i
2148 1382 2308 1425 con-

49 1463 362 1541 jecturae:
433 1461 570 1532 mic
623 1458 696 1534 ὃς
750 1461 842 1545 (h.
884 1482 938 1524 e.
983 1457 1294 1541 πάντως,
1370 1483 1527 1526 «aus
1590 1465 1752 1526 allen
1808 1463 2146 1546 Kraften»)
2212 1473 2307 1526 et:

55 1558 282 1628 στοῖσιν
324 1559 401 1637 ὃς
445 1558 728 1648 ἀντέστη
765 1571 984 1640 θεοῖς,
1029 1584 1186 1645 quae
1231 1566 1346 1626 nisi
1392 1585 1429 1626 a
1464 1566 1755 1627 facilitate
1793 1567 2146 1629 mutationis
2180 1587 2307 1628 non

55 1666 578 1728 commendantur.
666 1667 791 1729 Sed
833 1667 1085 1729 dubium
1131 1687 1267 1729 esse
1315 1669 1556 1749 nequit,
1604 1671 1749 1750 quin
1790 1672 2129 1730 mutatione
2170 1669 2305 1729 sal-

53 1779 168 1830 tem
223 1789 429 1850 aeque
486 1769 650 1830 facili
705 1770 1172 1832 rescribendum
1229 1771 1344 1831 sit:
1412 1765 1676 1836 πάλιν
1723 1767 1797 1844 ὃς
1842 1768 1908 1834 α’.
1950 1777 2027 1834 θ.
2130 1773 2307 1832 Hanc

51 1875 240 1951 ipsam
298 1873 660 1953 scripturam
714 1890 865 1953 prae
920 1872 1110 1932 oculis
1156 1871 1451 1932 habuisse
1494 1871 1691 1933 videri
1733 1881 1941 1954 potest
1986 1883 2157 1937 vetus
2200 1877 2303 1938 ille

51 1978 449 2048 scholiasteS,
535 1977 704 2056 cujus
771 1973 967 2034 verba
1028 1971 1150 2034 huc
1213 1973 1583 2054 pertinentia
1644 1995 1830 2055 supra
1898 1978 2304 2040 exscribenda

57 2081 289 2155 curavi,
349 2078 541 2140 modo
596 2085 924 2153 statuatur,
987 2098 1127 2138 eum
1184 2076 1494 2138 diversum
1552 2077 1739 2138 fuisse
1799 2078 1877 2138 ab
1934 2077 2070 2153 illo,
2132 2082 2302 2164 cujus

54 2185 235 2246 verba
300 2185 380 2244 ah
440 2180 640 2264 φησὶν
696 2171 820 2246 οὖν
875 2176 910 2246 ὁ
962 2173 1290 2251 Ὠκεανός
1333 2180 1688 2261 incipientia
1743 2177 1824 2241 ad
1868 2181 1972 2242 Vs.
2010 2181 2135 2243 353
2192 2184 2303 2244 ad·

54 2289 274 2368 scripta
318 2285 634 2365 leguntur3
676 2283 743 2343 id
781 2282 947 2362 quod
982 2291 1184 2344 utrum
1215 2301 1433 2344 verum
1475 2282 1554 2344 sit
1598 2301 1677 2344 an
1724 2286 1951 2360 minus,
1988 2283 2053 2343 in
2089 2287 2299 2348 medio

55 2394 159 2453 erit
199 2386 694 2470 relinquendum.
777 2387 885 2447 Illa
929 2395 1135 2447 autem
1179 2388 1481 2467 scriptura
1524 2387 1574 2446 si
1616 2395 1870 2467 accepta
1905 2384 2092 2450 fuerit
2122 2388 2301 2449 simul

17 2496 226 2556 ⁵etiam
292 2489 669 2576 significasse
728 2488 1044 2552 Oceanum
1107 2489 1461 2570 apparebit,
1540 2489 1845 2548 Atlantem
1906 2498 2031 2550 tam
2090 2491 2301 2570 gravia

55 2599 174 2677 pati
228 2615 370 2658 eam
430 2597 509 2656 ab
569 2613 878 2666 caussam,
959 2590 1127 2672 quod
1189 2592 1302 2651 diis
1365 2609 1434 2650 se
1498 2607 1819 2669 opponere
1878 2607 2063 2649 ausus
2116 2601 2298 2664 esset,

55 2699 210 2781 quod
254 2719 387 2761 non
437 2699 621 2779 plane
665 2697 925 2758 reticere
973 2715 1007 2755 6
1052 2714 1120 2755 re
1166 2693 1402 2754 Oceani
1449 2700 1582 2753 erat
1597 2713 1613 2769 ;
1679 2711 1882 2772 neque
1942 2690 2109 2752 aliud
2154 2693 2299 2772 quid

54 2803 267 2863 dixisse
309 2817 498 2880 quam
526 2797 683 2858 hoc:
736 2793 1114 2879 Typhonem·
1150 2812 1389 2855 rursus
1425 2814 1495 2855 se
1541 2793 1925 2877 opposuisse.
1950 2791 2107 2868 diis,
2148 2793 2226 2871 Ιι.ς
2246 2815 2311 2856 6..

55 2906 309 2967 deornm
365 2901 662 2982 imperio,
713 2901 816 2959 ita
869 2906 935 2959 ut
991 2917 1118 2958 non
1175 2895 1669 2978 adsignificetur,
1735 2894 2111 2977 Typhonem.
2163 2915 2301 2958 cum

55 3010 322 3087 pluribus
368 3006 482 3068 diis
527 3003 878 3064 decertasse
920 3017 1156 3080 pugna,
1193 2998 1315 3058 ‘sed
1344 2998 1427 3058 >de
1467 3017 1590 3059 uno
1622 2997 1762 3058 solo
1795 2999 1977 3071 Jove,
2020 2996 2299 3076 principe

22 3121 24 3152 :
55 3121 106 3170 et
146 3109 326 3190 quasi
371 3105 601 3168 vicario
647 3104 936 3176 deorum,
993 3099 1309 3184 Typhonis
1354 3099 1419 3162 in
1460 3117 1669 3180 pugna
1712 3095 2299 3182 adversario-›cogi-

57 3223 169 3274 tare
226 3213 437 3274 liceat.
533 3206 886 3288 Imperahat
941 3212 1146 3266 autem
1203 3223 1237 3266 e
1295 3202 1409 3268 diis
1467 3203 1529 3263 h.
1563 3222 1617 3264 e.
1663 3202 1839 3263 novis
1884 3201 1999 3262 diis
2044 3202 2299 3282 proprie

55 3318 206 3378 solus
251 3315 562 3395 luppiter,
625 3330 746 3392 qua
791 3309 870 3370 de
926 3329 996 3370 re
1051 3315 1242 3389 poeta
1296 3326 1475 3382 mox,
1537 3306 1640 3367 ubi
1687 3305 1765 3364 de
1824 3324 1999 3366 more
2042 3325 2157 3366 suo
2200 3323 2317 3380 ea,-

24 3399 27 3471 Ῠ
57 3437 199 3495 quae
229 3427 422 3480 antea
450 3417 706 3488 dixerat,
735 3414 1072 3474 accuratius
1099 3411 1378 3492 explicat,
1412 3410 1492 3471 de
1519 3408 1823 3491 Typhone
1849 3409 2039 3470 verba
2067 3407 2316 3470 faciens,

267 3525 334 3594 ἐξ
389 3511 745 3601 ὀμμάτων,
803 3516 915 3589 ait,
975 3509 1312 3598 ἤστραπτε
1363 3507 1711 3596 γοργωπὸν
1762 3511 1987 3586 σέλας,

267 3617 355 3694 ὥς
407 3613 534 3702 τὴν
587 3613 740 3691 Διὸς
793 3611 1138 3699 τυραννίδ’
1185 3616 1512 3697 ἐκπέρσων
1563 3613 1716 3697 βίᾳ,

59 3728 148 3786 sed
199 3725 410 3807 potuit
459 3731 647 3803 poeta
700 3741 813 3782 suo
862 3722 1002 3803 jure
1049 3720 1255 3780 dicere
1299 3728 1514 3795 θεοῖς,
1571 3715 1889 3796 quoniam,
1950 3733 2298 3795 quanquam

59 3829 207 3889 solus
259 3827 542 3908 luppiter
595 3845 898 3886 summum
944 3830 1006 3883 61.
1054 3821 1318 3882 liberum
1368 3819 1697 3899 imperium
1750 3818 2029 3892 tenebat,
2094 3826 2301 3880 tamen

60 3932 226 3992 etiam
285 3929 507 4010 reliqui
561 3928 644 3989 dii
688 3927 863 4002 novi,
923 3925 1060 3987 sovi
1111 3925 1152 3985 ii
1207 3924 1481 4004 cognati,
1548 3923 1789 4002 imperii
1836 3918 2297 4001 quodammodo

63 4042 224 4094 erant
269 4030 628 4113 participes,
675 4030 786 4090 cfr.
827 4030 932 4090 Vs,
963 4026 1090 4089 228
1125 4047 1260 4107 sqq.
1283 4034 1367 4086 ·et
1402 4026 1526 4087 437
1563 4045 1654 4105 sq.

211 4133 526 4213 Denique.
544 4151 670 4194 non
711 4149 966 4212 possum
1009 4147 1134 4190 non
1175 4146 1463 4202 moneie,
1506 4127 1733 4188 verba.

32 4201 35 4350 ἱ
273 4247 611 4318 κορυφαῖς
627 4227 692 4300 δ
739 4237 811 4300 ἐν
859 4255 1088 4315 ακραις
1129 4225 1380 4314 ἥμενος
1402 4227 1870 4368 μυδροκτυπεῖ

259 4333 680 4422 'Hrpoeeowffi
727 4365 738 4396 ;
1738 4430 1775 4489 2
1809 4429 1827 4446 .
