2759 5084
993 225 1413 286 —53—

70 413 226 454 unus
271 392 695 455 tautummodo
740 392 1004 456 canebat
1047 393 1198 456 tibia
1241 401 1306 456 et
1357 395 1411 456 is
1430 441 1447 470 ‚
1512 394 1619 476 qui
1668 415 1797 460 non
1838 395 2041 460 solum
2084 396 2317 479 primus

68 491 528 576 ingrederetur,
588 495 700 556 sed
751 495 936 558 etiam
956 542 972 571 ,
1039 503 1108 558 ut
1147 493 1308 558 infra
1349 495 1543 558 etiam
1584 497 1931 562 accuratius
1972 497 2319 580 apparebit,

69 615 218 658 vere
261 595 548 676 princeps
591 604 775 660 esset.
879 596 1000 672 Qui
1044 590 1122 664 τὸ
1160 589 1577 682 ἐμβατήριον
1644 597 1893 674 cecinit,
1948 601 2083 683 ejus
2130 599 2317 662 etiam

68 699 277 774 fuisse,
321 695 484 771 τούς
523 694 808 777 studiove
851 691 1080 769 αὐλεῖν
1119 693 1278 773 τοὺς
1317 696 1597 782 νόμους,
1636 707 1705 763 ut
1734 699 1965 764 Cratini
1996 709 2138 764 utar
2164 720 2319 766 ver-

69 801 184 876 bis,
231 800 312 863 de
347 800 568 881 quibus
595 801 756 877 vide,
801 819 962 882 quae
1009 803 1320 884 congessit
1351 801 1769 866 Schneiderus
1806 801 1851 864 l.
1883 823 1939 865 c.
1968 823 2029 886 p.
2048 804 2174 868 207
2208 827 2321 888 sq..

67 901 402 984 probabile
446 910 561 965 est.
644 905 776 966 Hos
818 923 972 968 vero
1014 904 1134 966 hac
1175 905 1242 966 in
1275 904 1492 996 tabula
1532 904 1819 970 effecisse
1847 900 1927 972 τὸ
1966 903 2320 991 γαμήλιον,

68 1005 236 1085 quod
281 1004 502 1066 Pollux
561 1004 837 1087 appellat
879 1006 980 1081 lv,
1027 1009 1127 1082 10,
1173 1007 1284 1084 75,
1353 1026 1507 1070 vero
1558 1026 1699 1070 esse
1738 1005 2115 1072 simillimum
2158 1029 2319 1074 con-

67 1107 284 1183 cedet,
329 1108 432 1188 qui
477 1127 730 1182 eorum,
774 1126 936 1188 quae
979 1110 1096 1172 sub
1139 1107 1330 1172 finem
1374 1117 1651 1192 aguntur·
1680 1117 1747 1170 et
1787 1118 2119 1188 canunwr,
2172 1132 2317 1176 ne·-

64 1212 330 1274 minerit.
411 1212 550 1273 Jam
613 1210 832 1272 Pollux
895 1211 1128 1274 eodem
1169 1213 1312 1276 loco
1355 1218 1644 1287 testatur,
1688 1210 1827 1274 cani
1868 1203 1943 1278 τὸ
1984 1211 2321 1300 γαμήλιον

61 1313 334 1398 maxime
381 1331 458 1374 ea
495 1313 674 1388 tibia,
733 1313 832 1374 eui
872 1306 1190 1398 μοναύλῳ
1247 1331 1477 1376 nomen
1524 1320 1663 1376 erat
1702 1313 1978 1376 inditum.
2064 1314 2317 1380 Conve-

30 1401 156 1477 :ixit
175 1403 321 1479 ‘hoc
363 1415 612 1499 egregie
657 1435 794 1478 cum
838 1433 918 1478 eo
937 1461 956 1490 ,
1017 1418 1186 1498 quod
1231 1418 1423 1480 modo
1468 1416 1763 1490 vidimus,
1824 1415 2133 1480 tibicinem
2151 1465 2170 1493 ,
2214 1422 2321 1502 qui

60 1517 622 1601 phoenicopterum
659 1518 904 1602 agebat,
949 1518 1102 1580 tibia
1133 1519 1431 1584 cecinisse
1468 1520 1603 1584 sine
1642 1538 1803 1583 voce
1837 1519 2067 1582 addita.
2120 1521 2321 1588 Porro

60 1622 226 1684 haec
266 1622 514 1702 scripsit
552 1620 858 1684 Pollux·l.
903 1642 955 1686 c.
1001 1622 1064 1706 §-
1101 1622 1215 1688 82:
1261 1624 1576 1708 νίγλαρος
1632 1621 1703 1690 δὲ
1762 1613 1999 1706 μικρός
2045 1645 2147 1696 τις
2198 1619 2319 1692 αὖ·

62 1725 312 1805 λίοιιος,
329 1719 730 1812 Αἰγύπτιος,
769 1727 1104 1813 ’μοναυλίᾳ
1135 1723 1533 1812 πρόσφορος.
1614 1725 1781 1808 Ergo
1822 1724 1945 1788 hac
1990 1724 2137 1788 tibia
2172 1747 2319 1792 usus

60 1827 261 1890 fuisse
323 1827 430 1890 ille
501 1828 728 1891 tibicen
787 1828 1046 1892 videtur.
1143 1827 1269 1892 Sed
1327 1845 1405 1889 ea
1466 1846 1595 1889 nou
1650 1845 1803 1890 saue
1856 1827 2012 1890 sola.
2096 1827 2317 1892 Paullo

60 1929 232 1991 enim
275 1939 416 1993 ante
435 1977 452 2007 ‚
521 1930 584 2013 §-
617 1931 722 2006 80,
765 1931 1200 2013 grammaticus
1266 1930 1431 1993 haec
1492 1928 1781 1993 tradidit:
1842 1923 1919 1996 τὰ
1980 1925 2315 2014 γαμήλιον

61 2029 336 2117 αὔλημα
395 2028 516 2102 δύο
595 2025 790 2102 αὐλοὶ
856 2026 1030 2115 ἦσαν
1045 2078 1066 2113 ,
1155 2033 1553 2118 συμφωνίαν
1617 2037 1751 2119 μὲν
1806 2025 2321 2110 ἀποτελοῦντες,

57 2135 312 2220 μείζων
367 2133 438 2202 δὲ
481 2133 750 2222 ἅτερος,
809 2131 916 2204 ὅτι
958 2135 1242 2220 μείζονα
1281 2129 1405 2225 χρῆ
1468 2131 1591 2204 τᾶν
1632 2133 1843 2222 ἄνδρα
1898 2137 2093 2204 εἶναι.
2177 2139 2315 2200 Ne·-

53 2238 398 2300 cessarium
437 2238 624 2322 igitur
666 2238 939 2315 videtur,
997 2246 1064 2302 ut
1105 2238 1417 2302 tibicinem
1474 2246 1727 2321 praeter
1767 2238 2087 2323 νίγλαρον
2126 2239 2311 2304 aliam

53 2359 326 2420 eamque
385 2341 684 2424 majorem
741 2341 956 2404 tibiam
1007 2341 1300 2406 habuisse
1357 2350 1714 2404 statuamus.
1809 2342 1983 2404 Haec
2034 2343 2089 2404 si
2144 2352 2313 2406 recte

53 2450 204 2505 sunt
257 2443 566 2522 disputata
583 2489 598 2516 ,
665 2462 792 2504 uno
851 2449 1019 2504 certe
1076 2445 1364 2524 exemplo
1416 2443 1671 2525 insuper
1730 2442 1977 2508 firmata
2034 2454 2176 2508 sunt
2220 2467 2315 2524 ea,

51 2563 222 2628 quae
267 2562 456 2625 supra
501 2543 580 2604 de
636 2545 854 2606 rostris
901 2551 1192 2625 quattuor
1219 2584 1224 2592 ·
1249 2544 1457 2608 avium
1510 2545 1777 2608 musicos
1823 2546 2135 2627 agentium
2192 2549 2311 2612 iis—

55 2653 208 2713 dem
237 2647 402 2711 tibiis
431 2650 762 2732 posuimus.
791 2651 912 2714 alin
941 2650 1038 2713 usi
1067 2650 1565 2713 ratiocinatione.
1670 2651 1865 2713 Porro
1904 2651 1987 2713 ad
2016 2671 2110 2732 ea,
2146 2673 2317 2738 quae

51 2753 254 2816 modo
299 2752 724 2829 disseruimus,
769 2753 1020 2837 egregie
1064 2753 1328 2835 quadrat
1370 2752 1559 2815 etiam
1602 2753 1775 2828 illud,
1820 2755 1989 2835 quod
2028 2755 2307 2836 phoeni-

53 2862 384 2936 copterum
426 2857 794 2940 Aegyptiam
837 2877 1019 2920 avem
1063 2877 1204 2920 esse
1249 2857 1474 2919 scimus
1521 2875 1596 2918 ex
1640 2855 1783 2918 loco
1826 2857 2150 2921 Heliodori
2192 2879 2315 2924 su-

49 2977 176 3039 pra
219 2959 427 3022 allato.
511 2961 668 3022 Nam
715 2980 790 3022 ex
839 2961 982 3022 loco
1046 2958 1312 3022 Pollucis
1367 2957 1585 3041 paullo
1648 2976 1839 3040 supra
1878 2959 2143 3041 primum
2184 2961 2316 3023 ad·-

49 3061 260 3124 hibito
303 3059 557 3143 praeter
613 3062 724 3124 illa
775 3062 1064 3137 dicimus,
1125 3055 1469 3143 μόναυλον
1524 3060 1971 3143 Aegyptiorum
2015 3081 2157 3126 esse
2204 3062 2311 3124 in-

51 3173 328 3226 ventum.
385 3163 608 3228 Itidem
629 3163 986 3228 Athenaeus
1025 3183 1104 3226 cx
1139 3162 1300 3224 Juba
1323 3160 1523 3224 refert
1558 3162 1659 3238 lv,
1690 3162 1829 3237 175,
1858 3163 1933 3239 E,
1963 3157 2311 3247 μόναυλον

52 3267 140 3328 ab
179 3268 426 3328 Osiride
471 3287 614 3330 esse
639 3268 972 3331 inventum.
1057 3266 1118 3328 1⁸
1152 3263 1336 3346 igitur
1363 3264 1535 3327 haud
1570 3264 1755 3326 dubie
1796 3264 2205 3330 adhibebatur
2228 3269 2311 3330 ad

51 3367 290 3430 cultum
335 3369 594 3433 Osiridis
641 3379 703 3433 et
742 3370 956 3446 Isidis,
1013 3387 1282 3450 quocum
1325 3370 1549 3430 eximie
1592 3368 1903 3449 congruit,
1959 3371 2130 3448 quod
2169 3373 2309 3436 He-

49 3470 342 3532 liodorus
416 3471 698 3549 tradidit,
753 3472 1313 3554 phoenicopterum
1379 3489 1561 3534 avem
1636 3470 1784 3532 Isidi
1846 3487 2091 3532 sacram
2148 3492 2307 3536 esse.

51 3573 342 3652 Denique
385 3574 572 3636 etiam
627 3576 975 3660 virlaow,
1053 3593 1242 3656 quam
1309 3574 1527 3638 tibiam
1582 3573 2061 3656 phoenicopteri
2116 3573 2311 3638 fuisse

53 3675 470 3756 conjecimuS‚
515 3677 782 3739 vidimus
823 3696 860 3739 a
903 3676 1160 3740 Polluce
1203 3679 1520 3760 Aegyptiis
1563 3676 1767 3740 tribui.
1856 3675 2123 3740 Omnino
2154 3678 2305 3758 jam,

50 3776 176 3838 nisi
221 3779 430 3840 omnia
473 3799 574 3842 me
615 3780 868 3858 fallunt,
934 3781 999 3843 in
1054 3779 1401 3844 clarissima
1463 3781 1605 3845 luce
1660 3789 1757 3844 est
1816 3782 2123 3864 positum,
2197 3800 2307 3844 cur

49 3879 168 3941 illa
209 3881 514 3965 Aegyptio
557 3885 946 3964 potissimum
987 3885 1338 3949 tribuantur
1379 3886 1618 3949 tibicini
1647 3894 1727 3949 'et
1766 3905 1995 3968 porro,
2040 3905 2151 3947 cur
2197 3886 2305 3947 in-

53 3996 152 4048 ter
195 4003 342 4048 aves
383 3989 718 4070 Aegyptias
761 3989 880 4068 ipsi
919 3987 1437 4072 phoenicoptero.
1482 4025 1567 4038 --
1608 3991 1967 4054 Insistamus
2009 3988 2302 4068 aliquan-

56 4090 254 4168 tisper
295 4088 418 4150 hac
476 4090 696 4152 eadem
739 4093 858 4154 via.
960 4092 1292 4166 Quaeritur
1345 4103 1493 4176 post
1528 4093 1691 4158 haec
1732 4095 1823 4156 ita
1866 4095 2211 4172 disputata,
2268 4113 2305 4155 e

56 4193 432 4273 quibusnam
475 4193 654 4258 terris
715 4193 1000 4260 Comicus
1061 4197 1354 4276 oriundas
1400 4199 1659 4282 cogitari
1726 4197 1993 4262 voluerit
2044 4197 2303 4260 alteram
2370 4221 2379 4232 ¹

61 4315 337 4378 upupam
395 4303 458 4361 et
499 4299 919 4382 κατωφαγᾶν
1004 4303 1240 4383 Upupa,
1351 4336 1358 4344 ·
1688 4311 1695 4318 ’
