2759 5084
1032 202 1497 265 —127—

136 378 318 445 πόλει
361 375 721 463 Λέβαὸἐων
764 374 927 452 cotti,
970 373 1035 438 C.
1076 374 1123 437 1.
1156 375 1227 438 G.
1264 371 1322 451 Ι,
1356 392 1416 437 u.
1457 372 1668 459 1603),
1711 368 1953 455 epouse'
1991 372 2076 435 du
2115 372 2234 435 Roi
2279 372 2389 434 des

136 482 318 543 dieux
361 475 561 563 (Ζεύς
603 475 976 563 Βασιλεύς).
1060 478 1171 557 Or,
1226 498 1390 541 nous
1431 496 1514 541 ne
1536 474 1830 561 'croyons
1873 496 1988 559 pas
2031 474 2179 559 qu’il
2221 495 2264 559 y
2307 473 2394 537 ait

132 585 253 647 lieu
298 583 379 645 ici
426 583 505 643 de
548 600 777 664 penset
817 579 855 641 a
896 582 1133 657 Jun0n3
1176 580 1223 643 il
1265 580 1540 644 faudrait
1578 581 1782 662 plutot
1823 596 1892 641 se
1937 578 2189 641 decidet
2229 596 2392 661 pour

133 687 339 748 νότιος
362 732 379 762 ,
446 704 691 748 comme
754 683 1007 745 divinite
1073 682 1528 748 d'attributions
1593 679 1972 765 sepulcrales
1996 727 2013 757 ,
2081 700 2166 743 ou
2230 700 2394 762 pour

132 787 390 871 Cybele,
454 787 609 849 dont
648 786 711 849 le
772 787 933 849 culte
974 784 1014 846 a
1058 785 1264 849 Thera
1330 795 1426 850 est
1467 788 1635 849 aussi
1679 789 1902 849 atteste
1943 806 2061 868 par
2099 804 2222 848 une
2267 806 2391 848 au-

129 900 222 953 tre
286 890 717 973 inscription».
818 888 1136 951 Posterius
1199 889 1351 952 mihi
1427 890 1678 972 quidem
1721 892 1936 971 priore
1979 888 2390 953 verosimilius

130 996 387 1057 videtur.
474 992 593 1055 Illa
648 991 859 1055 Rossii
910 990 1104 1055 verba
1160 990 1406 1071 plenius
1449 991 1864 1055 exscribenda
1925 990 2134 1053 curavi
2203 991 2388 1053 etiam

123 1097 304 1173 ideo,
348 1097 521 1178 quod
559 1096 627 1157 in
666 1095 745 1157 iis
792 1094 1051 1157 dearum
1094 1111 1133 1154 a
1176 1095 1430 1157 Graecis
1471 1096 1820 1162 Βαοίλεεαι
1861 1092 1994 1156 sive
2039 1092 2390 1167 Βασιλίδεσ

125 1199 703 1281 cognominatam-um
757 1214 1051 1258 recensus
1114 1194 1311 1260 factus
1383 1205 1497 1260 est.
1600 1197 1824 1259 Omisit
1881 1205 2089 1259 tamen
2131 1197 2388 1258 Rossiu‘s

122 1320 347 1377 unam,
394 1302 567 1385 cujus
610 1302 735 1362 hac
776 1299 841 1363 in
884 1316 1107 1360 caussa
1148 1299 1381 1362 mentio
1429 1300 1680 1363 maximi
1725 1308 1820 1363 est
1859 1300 2197 1376 momenti,
2241 1297 2386 1363 dico

117 1405 482 1467 Minervam.
527 1406 785 1465 Tzetzes
815 1400 979 1463 enim
1020 1401 1163 1463 adn.
1210 1402 1291 1463 ad
1312 1402 1745 1486 Lycophronis
1779 1404 2108 1467 Alexandr.
2136 1404 2242 1467 Vs.
2263 1405 2380 1467 111

115 1507 281 1569 haec
324 1506 603 1588 prodidit
662 1505 1041 1568 memoriaez
1099 1498 1373 1590 Ἀθηνᾷ
1417 1507 1547 1573 τινὶ
1589 1504 1906 1589 βασιλίδι,
1967 1506 2053 1590 τῇ
2094 1506 2200 1571 καὶ
2245 1506 2385 1572 Βε-

116 1608 355 1697 λονίκῃ
394 1608 757 1697 λεγομένῃ,
810 1607 1102 1693 θυγατρὶ
1164 1604 1234 1674 δὲ
1284 1606 1631 1689 Βροντέου
1669 1602 2085 1693 ὑπαρχούσῃ,
2115 1604 2385 1691 ’Ἡφαι-

112 1733 277 1783 evoe
326 1706 521 1795 γάμῳ
571 1710 793 1794 μιγεὶς
848 1710 1055 1795 γεννᾷ
1118 1701 1582 1795 Ἐριχθόνιον,
1645 1704 1722 1781 ὃς
1791 1707 2212 1792 ἐβασίλευσεν
2265 1712 2387 1791 τῆς·

29 1860 32 1895 3
110 1804 447 1895 Ἀττικῆς·
528 1812 775 1877 πολλαὶ
846 1807 975 1893 γᾶρ
1029 1800 1201 1891 ἦσαν
1264 1808 1374 1875 καὶ
1434 1801 1743 1893 Ἀθηναῑ
1793 1809 1900 1876 καὶ
1972 1802 2380 1895 ’Λφροδῖταη

29 1902 31 1909 ’
112 1914 225 1979 καὶ
268 1910 348 1980 ov'
392 1911 547 1997 μία,
586 1907 745 1978 οὐδὲ
786 1904 1087 1994 μυθικὴ,
1146 1904 1231 1982 w‘c
1272 1909 1386 1977 καὶ
1442 1906 1526 1977 τοὶ
1579 1906 1796 1977 ’λοιποὶ
1837 1912 1971 1979 τῶν
2011 1908 2381 1997 ὀνομάτων.

29 2036 31 2105 5
107 2017 181 2078 ln
227 2014 327 2077 his
369 2014 581 2080 verbis
626 2021 980 2095 quanquam
1021 2015 1107 2075 de
1149 2014 1430 2078 Minerva
1470 2022 1767 2096 tanquam
1821 2014 1900 2077 de
1939 2014 2156 2097 regina
2201 2024 2262 2080 et
2301 2017 2384 2077 de

29 2118 31 2121 ’
97 2127 293 2201 ,patre
364 2119 557 2198 ipsius
624 2126 921 2198 tanquam
980 2118 1061 2179 de
1122 2118 1381 2181 homine
1441 2136 1652 2180 sermo
1715 2125 1844 2195 est,
1920 2127 2128 2181 tamen
2197 2118 2379 2181 facile

106 2222 413 2298 sentitur,
473 2222 641 2285 hunc
702 2219 939 2283 nullum
1004 2222 1193 2285 aliu'm
1236 2238 1377 2283 esse
1431 2222 1833 2303 cogitandum
1853 2269 1870 2298 ,
1933 2238 2118 2303 quam
2175 2223 2380 2309 ipsum

105 2326 331 2387 Iovem
390 2325 807 2405 Βρονταῖον,
860 2344 987 2403 quo
1052 2325 1424 2406 cognomine
1481 2344 1756 2385 summus
1811 2328 1972 2387 deus
2027 2327 2386 2407 appellatur

29 2508 31 2513 .
102 2428 323 2509 hymn.
368 2425 567 2505 Orph.
610 2425 773 2498 xlv,
816 2424 861 2485 9
900 2458 991 2471 ·--
1050 2432 1116 2486 et
1155 2425 1371 2487 nescio
1433 2442 1515 2485 an
1579 2426 1746 2506 apud
1790 2430 2078 2489 Tzetzam
2141 2430 2380 2491 rescri-

29 2524 31 2551 '
103 2528 387 2591 bendum
446 2525 527 2588 sit
587 2524 1002 2607 Βρονταέου,
1065 2534 1137 2588 ut
1194 2531 1291 2588 est
1347 2526 1413 2587 iu
1469 2526 1656 2589 codd.
1708 2529 1853 2592 Vitt.
1899 2531 1939 2593 2
1985 2538 2048 2594 et
2088 2533 2130 2595 3
2189 2540 2376 2615 atque

29 2658 31 2693 5
106 2629 285 2710 apud
321 2628 669 2691 Eudociam
716 2632 779 2689 et
818 2628 1273 2705 Phavorinum,
1326 2662 1416 2679 --
1471 2648 1676 2711 neque
1717 2630 1815 2709 id,
1881 2634 2055 2715 quod
2095 2635 2375 2698 Minerva

106 2730 194 2793 ab
238 2729 313 2794 iis
340 2777 355 2805 ,
420 2729 528 2811 qui
580 2730 1000 2794 Euhemerum
1035 2740 1492 2814 sequerentur,
1555 2734 1772 2815 regina
1835 2726 2002 2799 facta
2057 2746 2182 2816 est,
2247 2759 2374 2801 non

29 2830 32 2893 ἓ
106 2834 341 2896 ducere
400 2852 513 2909 eo,
572 2841 643 2893 ut-
702 2836 865 2899 haec
910 2836 1031 2899 dea
1074 2836 1367 2921 Regina,
1433 2836 1732 2911 Βασιλίς,
1776 2841 2214 2921 cognominata
2276 2843 2371 2907 sit.

106 2939 254 3011 Quo
302 2944 750 2999 auctoratus-us
796 2941 1051 3000 Tzetzes
1092 2937 1200 3001 illa
1244 2937 1585 3019 scripserit,
1630 2940 1980 3016 nescimus3
2023 2942 2373 3005 Diodorum

29 3024 31 3045 '
104 3047 387 3103 secutum
431 3058 575 3103 esse
614 3041 984 3124 Dionysium
1028 3042 1319 3116 Samium,
1362 3040 1699 3105 Euhemeri
1742 3051 2142 3121 sectatorem,
2183 3047 2376 3109 Wei—

29 3124 31 3173 ¹
105 3143 359 3218 cherum
402 3144 613 3207 docuit
651 3143 812 3219 fibri,
858 3162 985 3223 quo
1020 3144 1101 3205 de
1132 3142 1470 3225 Apollonio
1499 3144 1749 3207 Rhodio
1787 3146 1930 3229 egit,
1972 3170 2035 3229 p.
2059 3150 2216 3227 1793
2263 3151 2394 3213 cfr:

104 3246 297 3308 etiam
320 3246 621 3310 Lobeckii
648 3246 1063 3328 Aglaopham.
1089 3248 1158 3307 T.
1179 3246 1251 3307 11.
1276 3268 1337 3327 p.
1355 3246 1506 3308 9912
1559 3247 1770 3309 Inesse
1795 3259 2002 3312 autem
2027 3253 2089 3313 in
2109 3248 2373 3317 Diodori

101 3347 315 3410 verbis
360 3349 445 3411 ed
486 3350 777 3413 Basiliam
822 3350 1280 3432 spectantibus,
1338 3368 1503 3431 quae
1545 3350 1768 3413 eadem
1828 3352 1906 3413 de
1963 3354 2203 3417 Graeca
2243 3356 2372 3417 Mi·-

98 3467 297 3512 nerva
338 3450 699 3529 praedicata
730 3456 1137 3533 ,reperiantur
1178 3452 1347 3536 apud
1389 3455 1726 3535 scriptores
1755 3463 2042 3532 veterae,
2105 3476 2232 3518 non
2279 3467 2374 3522 est

100 3554 279 3636 quod
322 3554 639 3635 expressis
704 3556 909 3617 verbis
976 3576 1345 3619 moneamus
1393 3564 1500 3618 aut
1545 3557 1948 3621 ostendamus
1991 3558 2370 3641 singillatim.

100 3659 493 3729 Adnotamus
536 3658 1001 3735 tantummodo,
1042 3680 1245 3739 neque
1288 3662 1388 3737 id,
1455 3654 1934 3742 quod'Basiiiae
1975 3661 2146 3725 idem
2191 3664 2366 3728 locus

99 3763 493 3843 assignatur,
538 3782 665 3843 quo
709 3760 1051 3821 secuudum
1094 3762 1506 3843 'theogoniae
1547 3758 1888 3827 Hesiodiae
1947 3765 2054 3826 Vs.
2075 3766 2194 3828 371
2233 3786 2366 3847 sqq.

98 3874 201 3926 est
242 3864 419 3939 Thia,
464 3864 617 3926 lucis
648 3861 759 3925 illa
800 3870 989 3945 atque
1020 3863 1377 3943 splendoris
1412 3866 1552 3939 dea,
1597 3864 1745 3948 (quo
1792 3867 1872 3929 de
1901 3869 2010 3931 cfr.
2055 3870 2368 3931 Welckeri

99 3974 164 4029 et
204 3966 494 4029 Dissenii·
516 3967 706 4029 verba
749 3966 1066 4048 publicata
1105 3968 1250 4029 adn.
1294 3969 1377 4030 ad
1426 3969 1676 4033 Pindari
1717 3972 1930 4034 Isthm.
1973 3970 2073 4044 lv,
2121 3968 2196 4051 1,)
2243 3972 2367 4032 ab-

96 4072 319 4133 ludere
362 4070 447 4131 ab
490 4090 589 4146 eu,
631 4070 803 4150 quod
850 4070 1099 4132 aliunde
1142 4081 1358 4134 notum
1404 4080 1502 4133 est
1541 4073 1620 4134 de
1662 4074 1978 4145 Minerva,
2035 4078 2096 4131 et
2137 4072 2364 4134 simili-

97 4182 227 4248 ter,
263 4180 481 4255 atque
546 4174 723 4235 Luna
776 4173 1042 4235 Basiliae
1103 4174 1408 4235 Titanidis
1476 4172 1609 4245 filia
1651 4174 2064 4255 perhibetur,
2135 4195 2366 4238 secun-

99 4276 246 4339 dum
320 4276 481 4339 alios
553 4276 891 4340 Minervam
936 4286 1033 4339 ·et
1094 4279 1329 4340 Lan-am
1407 4276 1488 4339 ad
1555 4288 1739 4343 unam
1801 4277 2188 4359 eandemque
2247 4280 2363 4340 Ti·-
