2759 5084
994 214 1456 277 -101—

110 384 349 461 cibaret,
404 386 609 448 vinnm
648 382 1075 467 praebendum
1122 388 1416 450 curavit».
1501 390 1730 453 Verum
1767 390 1928 453 enim
1969 408 2120 453 vero
2165 391 2352 455 facile

112 488 334 563 elucet,
378 488 537 551 haec
568 489 942 570 ¹conjectura
966 506 1173 567 ·quam
1214 486 1464 551 infirmo
1524 496 1644 554 stet
1683 490 1848 568 taio,
1915 512 2117 574 neque
2160 494 2351 557 verba

104 592 207 678 iila
247 593 332 653 ita
376 598 661 673 accepta,
728 596 797 653 ut
836 590 1051 671 priore
1092 588 1279 665 loco,
1336 600 1400 653 et
1433 592 1576 675 jure
1619 594 1901 673 quidem,
1963 594 2112 657 fecit
2151 597 2352 678 Berg-

98 694 262 769 -kius‚
330 693 411 754 ad
480 694 748 755 eundem
806 690 979 753 illum
1022 710 1263 753 morem
1326 710 1464 757 esse
1507 694 1856 759 referenda.
1899 730 1981 747 --
2049 700 2161 761 Est
2201 718 2350 763 vero

106 799 163 859 in
202 798 321 859 hac
382 812 608 859 caussa
662 796 867 877 probe
924 794 1301 872 cavendum,
1362 814 1444 858 ne
1501 798 1962 863 confundantur
2003 818 2164 881 quae
2228 820 2352 863 na·—

106 909 232 961 tura
274 916 388 961 sua
432 897 677 959 diversa
706 904 863 961 sunt.
944 895 1073 957 luis
1119 895 1283 959 euim
1319 896 1476 961 iocis
1513 899 1798 962 omnibus
1845 920 1972 963 non
2015 908 2112 963 est
2143 920 2349 964 sermo

104 1004 211 1065 nisi
252 1002 335 1065 de
376 999 773 1082 largitionum
833 1018 977 1076 usu,
1022 1000 1164 1081 qui,
1230 1000 1317 1063 ait
1361 1002 1734 1078 Meinekius,
1805 1010 2067 1085 »postea
2109 1003 2354 1065 videtur

102 1104 523 1179 obsolevisse,
590 1120 711 1165 nec
752 1102 940 1165 facile
996 1101 1259 1165 bellaria
1320 1106 1734 1169 comedebant
1794 1113 2180 1187 spectanteS,
2231 1106 2348 1169 nisi

101 1208 197 1290 qui
239 1201 358 1289 ipsi
406 1208 594 1269 domo
640 1212 1079 1287 apportassent
1120 1214 1182 1267 et
1244 1226 1384 1269 cum
1430 1206 1638 1269 futiles
1678 1206 2016 1270 histriones
2057 1209 2120 1270 in
2165 1228 2352 1273 scena

94 1320 385 1393 agerent»
410 1358 425 1385 ,
491 1310 553 1370 in
598 1328 784 1390 quam
846 1324 981 1370 rem
1048 1308 1257 1373 citavit
1314 1308 1510 1376 verba
1550 1309 1928 1387 Aristotel-is,
2001 1332 2166 1394 quae
2209 1322 2353 1377 sunt

100 1414 215 1476 eth.
276 1414 525 1475 ‘Nicom.
586 1414 668 1487 X,
737 1412 796 1488 5,
859 1412 990 1493 jam
1033 1429 1072 1473 a
1118 1411 1502 1475 Schneidero
1561 1411 1828 1495 allegata
1881 1414 2143 1479 haecce:
2205 1413 2351 1483 οἷον

94 1517 193 1581 καὶ
250 1521 323 1583 ἐν
384 1526 525 1587 τοῖς
586 1510 903 1597 θεάτροις
966 1518 1030 1581 οἱ
1091 1516 1691 1601 τραγηματίζοντες
1757 1512 1924 1583 ὅταν
1983 1518 2224 1601 φαῦλοι
2287 1522 2350 1584 οἱ

98 1614 562 1703 ἀγωνιζόμενοι
622 1608 771 1695 ὦσι,
835 1614 987 1686 τότε
1032 1619 1329 1703 μάλιστα
1378 1611 1544 1685 αὐτὸ
1608 1617 1866 1701 δρῶσιν.
1951 1619 2130 1681 Hunc
2191 1640 2346 1685 vero

96 1722 352 1785 alterum
418 1715 614 1785 usum'
660 1721 947 1784 omnibus
1004 1714 1389 1800 temporibus
1457 1718 1798 1781 obtinuisse
1857 1727 1920 1781 et
1961 1728 2088 1781 tam
2130 1721 2185 1783 si
2229 1742 2348 1785 co-

94 1814 378 1889 moediae
418 1822 743 1909 agerentur
786 1844 991 1905 neque
1029 1832 1243 1886 ‘tamen
1284 1824 1434 1885 illae
1475 1822 1840 1903 largitiones
1875 1821 2114 1901 fierent,
2161 1842 2345 1907 quam

94 1929 139 1990 si
182 1927 567 2009 tragoediae,
610 1924 711 1987 vel
752 1944 868 2005 per
908 1942 978 1987 se
1021 1945 1139 2006 pro
1186 1932 1357 1987 certo
1401 1942 1647 1987 sumere
1689 1924 1869 2001 licet;
1931 1926 2196 1989 eundem
2239 1936 2346 1991 ta·-

92 2050 226 2091 rnen
294 2047 420 2089 nou
480 2029 545 2089 in
572 2016 578 2029 ’
602 2034 834 2089 tantum
898 2025 1236 2089 invaluisse
1261 2074 1277 2103 ,
1342 2034 1410 2089 ut
1467 2026 1666 2107 quivis
1721 2047 1878 2091 unus
1941 2032 2346 2111 spectantium

90 2138 325 2193 tantum
370 2130 806 2207 bellax-iorum,
870 2148 951 2191 ne
996 2130 1198 2193 dicam
1242 2130 1396 2207 cibi,
1451 2130 1642 2193 domo
1687 2138 2067 2211 apportaret,
2113 2142 2344 2214 quanto

91 2253 247 2313 opus
294 2233 553 2295 haberet
596 2234 677 2295 ad
718 2233 949 2297 famem
992 2233 1091 2295 vel
1136 2234 1217 2296 ad
1260 2238 1502 2315 tempus
1547 2235 2087 2315 compescendam,
2133 2243 2196 2298 et
2235 2235 2346 2298 illa

90 2333 516 2415 Aristophanis
572 2335 763 2397 verba
817 2343 884 2398 et
934 2336 1072 2417 ipsa
1124 2336 1285 2398 haec
1350 2335 1712 2398 Aristotelia
1770 2337 2116 2399 accuratius
2189 2356 2346 2418 per-

88 2452 277 2515 pensa
341 2434 528 2496 fidem
571 2436 825 2497 faciunt.
870 2470 957 2483 —-
1014 2436 1204 2510 Quod
1260 2454 1414 2499 vero
1459 2454 1647 2516 snpra
1692 2437 2154 2514 affirmavimus,
2221 2456 2344 2521 ap·-

88 2551 307 2621 parere
352 2558 429 2602 ex
472 2537 619 2601 loco
663 2538 1145 2619 Aristophanio,
1206 2538 1565 2601 comoedias
1619 2544 1764 2618 post
1807 2538 2126 2601 meridiem
2172 2548 2340 2603 actas

88 2664 248 2723 esse,
270 2643 711 2728 -bujus·ipsius
755 2642 1039 2705 fasbulae
1086 2643 1375 2724 exemplo
1423 2643 1838 2723 comprobare
1877 2644 2038 2721 licet,
2083 2652 2148 2708 ut
2191 2645 2340 2727 qui-

88 2748 230 2811 dem·
266 2744 465 2809 videri
509 2752 733 2828 potest.
818 2744 1065 2809 Etenim
1105 2746 1213 2811 vs.
1261 2747 1428 2812 1498
1455 2766 1549 2829 sq.
1592 2744 1962 2809 Prometheo
2005 2748 2096 2811 ita
2135 2748 2338 2811 inter-

86 2851 365 2934 roganti:

1232 2945 1475 3037 vave'u'
1517 2952 1692 3021 ἐστὶν
1741 2948 1868 3038 ἄρα
1906 2950 2032 3035 τῆς,
2065 2945 2337 3038 ἦμέραςς

84 3058 167 3119 sic
210 3058 561 3139 respondet
602 3042 1053 3119 Pistbetaerus:
1356 3088 1361 3093 ·

330 3154 703 3245 Ὁπηνίκας
774 3154 1072 3242 Σμικρόν
1112 3182 1178 3223 τι
1220 3149 1396 3241 ,ιιετόὶ
1441 3155 1894 3241 μεσημβρίαν.

86 3265 473 3345 Quamquam
514 3261 713 3345 probe
756 3264 887 3325 scio
908 3309 925 3337 ,
968 3259 1217 3322 minime
1260 3259 1683 3339 necessarium
1727 3278 1898 3337 esse,
1959 3266 2026 3322 ut
2063 3259 2336 3321 fabulam

86 3366 396 3447 aliquam,
436 3367 807 3448 praesertim
846 3363 1274 3447 tragoediam,
1321 3382 1398 3425 eo
1438 3362 1579 3443 ipso
1635 3361 1759 3423 diei
1802 3369 2086 3445 tempore
2135 3370 2336 3423 actam

87 3471 469 3547 arbitremur,
529 3490 652 3551 quo
700 3488 865 3546 rem,
932 3489 1055 3552 qua
1100 3470 1179 3531 de
1224 3467 1444 3549 agitur,
1489 3464 1770 3531 evenisse
1811 3464 2088 3547 fingitur,
2128 3472 2336 3525 tamen

86 3573 143 3632 in
186 3574 309 3637 hac
352 3554 572 3636 caussa
613 3579 759 3654 post
802 3588 896 3647 ea,
960 3588 1122 3651 quae
1165 3592 1353 3655 supra
1395 3570 1774 3643 monuimuS,
1829 3587 2004 3630 secus
2049 3571 2335 3630 statuenae

88 3676 226 3739 dum
274 3696 413 3739 esse
476 3675 695 3756 aliquis
756 3672 1103 3735 existimare
1146 3676 1373 3754 possit,
1449 3674 1641 3754 idque
1699 3692 1776 3734 eo
1837 3671 2066 3753 magis,
2164 3673 2334 3755 quod

86 3780 251 3841 nulla
313 3780 473 3842 ratio
520 3785 810 3860 apparet,
870 3796 981 3839 cur
1022 3776 1222 3857 ipsum
1278 3779 1437 3841 illud
1501 3786 1743 3859 tempus
1789 3776 2045 3861 elegerit
2087 3776 2334 3844 Pisthe-

87 3887 290 3944 taetus
332 3882 539 3965 potius
585 3900 771 3960 quam
812 3879 983 3941 aliud
1028 3880 1215 3959 quod.
1300 3883 1647 3957 Praeterea,
1693 3881 1746 3943 si
1791 3888 2005 3943 nostra
2031 3877 2334 3941 sententia

87 3982 267 4045 fuerit
306 3984 607 4065 probata,
652 3991 779 4045 tum
822 3982 1080 4043 verbum
1124 3976 1513 4064 ἀριστίζων,
1557 3986 1726 4073 quod
1785 3984 2007 4063 legitur
2047 3982 2150 4041 Vs.
2189 3980 2331 4053 659,

87 4090 209 4149 tum
256 4106 489 4148 nomen
524 4081 818 4167 ἄριστον,
863 4084 1032 4162 quod
1061 4091 1156 4146 est
1194 4086 1299 4146 Vs.
1328 4086 1510 4161 1602,
1555 4086 1878 4166 proprium
1912 4102 2088 4144 suum
2130 4081 2331 4163 signi-

87 4186 333 4251 ficatum
374 4189 679 4263 tuebitur3
721 4204 865 4247 nam
906 4186 971 4246 in
1015 4204 1113 4261 e0,
1159 4186 1331 4267 quod
1371 4188 1531 4251 haec
1571 4181 1854 4271 σμικρόν
1897 4208 1962 4248 τι
2005 4181 2175 4265 μετά
2218 4209 2331 4265 με·

88 4293 421 4375 σημβρίαν
480 4291 578 4371 agi
618 4288 897 4370 fingitur,
954 4290 1315 4368 praesertim
1361 4291 1412 4351 si
1467 4288 1828 4373 cogitaverit
1871 4306 2010 4350 esse
2059 4285 2139 4347 de
2181 4284 2330 4345 tali-
