2759 5084
1303 238 1728 301 ...9ο-

420 405 527 474 uei
569 401 697 495 χρὴ
732 402 913 495 ἡμᾶς
964 410 1231 497 ἔχοντας
1272 402 1351 473 τὸ
1391 403 1589 491 δόρυ,
1651 401 1775 475 τὸν
1835 402 2224 492 ὀβελίσκον,
2275 420 2663 491 περιπατεῖν

420 510 553 575 τῶν
594 504 818 576 ὅπλων
856 505 1043 583 ἐντὸς
1068 502 1265 595 ἔγγιὶς
1294 503 1445 592 παρ’
1487 501 1704 592 αῧτήν
1739 501 1868 592 τὴν
1906 504 2154 597 χύτραν
2195 504 2415 594 ἄκραν
2451 502 2662 593 ὅρῶν-

420 635 541 685 τας
608 603 880 695 (αὐτήν).
963 615 1173 678 Verba
1232 616 1368 681 τῶν
1454 608 1676 680 ὅπλων
1741 608 1930 687 ἐντὸς
1995 609 2372 695 significant:
2437 611 2534 675 ita
2586 620 2662 675 ut

418 734 611 778 arma
658 720 815 777 ante
856 734 979 779 nes
1017 717 1155 779 sint
1173 759 1194 797 ,
1240 714 1458 780 media
1503 717 1684 779 inter
1741 718 1864 778 nos
1921 722 2120 808 atque
2160 732 2337 777 aves.
2424 713 2662 777 Intelli-

418 825 643 902 guntur
684 822 899 880 autem
936 838 1107 882 arma
1146 828 1275 882 tam
1325 818 1492 881 duae
1545 816 1696 879 illae
1750 817 1916 880 ollae
1973 836 2158 899 quam
2204 822 2497 898 quattuor
2557 816 2664 879 illa

414 920 717 1006 τρυβλία.
820 922 1015 985 Porro
1082 942 1221 986 esse
1278 942 1504 985 vocem
1569 913 1766 1007 ἔγγΐς
1821 920 2206 1005 jungendam
2269 939 2410 983 cum
2463 919 2662 982 verbis

418 1014 570 1107 παρ’
612 1013 826 1105 αυτὴν
851 1014 977 1105 τὴν
1021 1019 1289 1113 χύτραν,
1329 1031 1458 1086 tam
1503 1021 1738 1085 ciarum
1783 1030 1896 1099 est,
1937 1030 2006 1085 ut
2047 1022 2152 1086 vix
2191 1040 2350 1103 opus
2393 1021 2474 1085 sit
2507 1040 2664 1104 pro-

416 1145 647 1191 vocare
690 1126 772 1188 ad
812 1145 905 1203 ea,
950 1146 1111 1209 quae
1154 1128 1470 1210 congessit
1507 1126 1876 1211 Bernhardy
1913 1128 2088 1211 Synt-
2129 1144 2192 1209 Ρ.
2217 1126 2361 1188 257.
2436 1119 2671 1207 Χύτρα

420 1224 589 1311 ἄκρα
612 1236 708 1293 est
730 1236 1046 1306 extrema,
1092 1248 1401 1315 suprema
1428 1248 1578 1310 pars
1607 1228 1796 1293 ollae.
1857 1230 2138 1312 Denique
2163 1228 2348 1293 obliti
2383 1227 2665 1292 videntur

418 1329 537 1393 viri
580 1330 771 1407 docti,
816 1324 981 1416 ὅρᾷν
1018 1355 1085 1398 τι
1126 1330 1367 1396 valere:
1413 1332 1740 1397 »ationem
1783 1328 2026 1395 habere
2067 1328 2370 1419 alicujus,
2415 1330 2498 1393 de
2546 1348 2663 1411 quo

420 1433 532 1495 cfr.
575 1434 927 1495 Buttmanni
974 1434 1116 1498 adn.
1172 1436 1253 1497 ad
1295 1436 1617 1497 Demosth.
1673 1434 1824 1497 Mid.
1879 1434 1944 1518 §-
1985 1435 2066 1497 17
2133 1441 2198 1497 et
2255 1430 2548 1497 Meinekii
2589 1430 2666 1493 ad

417 1534 747 1597 Menandri
804 1534 935 1597 fab.
996 1535 1118 1599 inc.
1166 1536 1502 1600 LXXXIX
1575 1534 1838 1620 (Fragm.
1900 1556 2066 1599 com.
2105 1536 2324 1599 Gracc.
2388 1535 2534 1599 Vol.
2571 1536 2665 1598 IV.

416 1658 479 1720 p.
516 1636 683 1723 257).
766 1637 881 1701 His
940 1639 1029 1701 ita
1073 1638 1400 1722 disputatis
1441 1646 1669 1721 sponte
1711 1646 2003 1721 apparet,
2068 1639 2438 1703 sententiam
2479 1637 2666 1701 scho-

416 1739 641 1805 liastae
700 1733 784 1807 τοὶ
850 1736 1029 1809 ὅπλα
1076 1741 1538 1825 interpretantis
1611 1739 1865 1827 clypeos
1923 1749 1987 1805 et
2039 1740 2204 1803 ollas
2259 1740 2665 1824 intelligentis,

417 1867 543 1909 non
576 1865 719 1909 esse
748 1844 1215 1922 admittendam,
1259 1847 1652 1926 quantumvis
1689 1854 1904 1909 notum
1948 1846 2044 1922 sit,
2087 1864 2229 1907 esse
2257 1843 2438 1907 illum
2475 1845 2666 1927 signi-

416 1948 669 2013 ficatum
710 1949 1032 2031 proprium
1073 1948 1291 2012 Atticis
1332 1947 1755 2029 scriptoribus.
1840 1948 2000 2025 Sed,
2065 1953 2202 2011 utut
2223 1964 2230 1969 ·
2251 1946 2540 2010 statuitur
2595 1947 2664 2009 dc

419 2052 569 2117 loco
629 2051 1065 2115 constituendo
1126 2050 1230 2113 vel
1284 2050 1755 2132 interpretando
1776 2097 1795 2128 ,
1853 2050 2002 2115 ferri
2057 2068 2136 2113 ea
2191 2050 2424 2133 nequit.
2509 2053 2663 2133 Ergo

421 2154 611 2217 ollam
652 2152 939 2233 Euelpidi
979 2172 1098 2234 pro
1148 2154 1369 2235 clypeo
1415 2172 1558 2215 esse
1595 2151 1730 2216 vult
1785 2152 2224 2217 Pisthetaerus.
2330 2153 2474 2215 Non
2519 2172 2665 2236 nego

418 2254 743 2336 equidem,
800 2254 927 2316 hoc
983 2273 1110 2316 non
1186 2254 1336 2316 satis
1405 2255 1736 2338 perspicue
1799 2272 1940 2318 esse
2001 2255 2410 2337 significatum
2469 2255 2663 2322 verbis

419 2354 802 2443 λαμβάνειν
844 2357 978 2423 τῶν
1016 2356 1301 2445 χυτρῶνε
1357 2357 1552 2422 immo
1615 2357 1775 2421 haec
1832 2357 2040 2440 potius
2097 2378 2176 2421 eo
2219 2358 2508 2423 videntur
2547 2359 2663 2421 du-

420 2478 563 2525 cere
607 2460 839 2523 dehere
857 2506 876 2537 ,
943 2468 1011 2524 ut
1051 2459 1313 2523 alteram
1354 2460 1530 2525 illam
1589 2460 2036 2542 interpretandi
2078 2460 2384 2525 rationem
2445 2479 2666 2545 sequa·
2715 2448 2717 2451 Α

415 2582 573 2625 mur.
659 2562 786 2625 Sed
838 2562 1203 2625 sumendum
1266 2569 1390 2641 est,
1451 2562 1934 2640 Pisthetaerum,
1993 2564 2142 2627 dum
2181 2563 2476 2646 Euelpidi
2517 2586 2667 2628 con-

418 2665 645 2729 sulenti
687 2684 993 2745 responsa
1039 2666 1174 2741 dat,
1216 2667 1420 2747 ipsum
1462 2667 1711 2748 praeire
1755 2686 1851 2745 ea,
1909 2684 2070 2749 quae
2110 2666 2278 2729 hunc
2317 2665 2530 2729 facere
2563 2670 2665 2751 ju-
2714 2654 2715 2692 ¹

416 2767 544 2829 het.
626 2766 720 2827 lta
762 2766 974 2842 fuisse,
1016 2765 1375 2849 intelligitur
1419 2767 1606 2830 etiam
1648 2776 1776 2832 tam
1821 2790 1901 2833 ex
1945 2789 2057 2846 eo,
2101 2768 2274 2851 quod
2313 2770 2426 2831 νε.
2452 2772 2573 2835 357
2613 2778 2668 2832 et
2712 2786 2713 2817 ὲ

417 2868 545 2931 358
588 2867 791 2932 dualis
846 2888 1137 2931 numerus
1206 2878 1325 2946 est,
1392 2890 1580 2952 quam
1645 2891 1724 2935 ex
1785 2872 1960 2951 loco,
2037 2873 2144 2954 qui
2183 2872 2410 2955 legitur
2451 2874 2594 2937 inde
2632 2891 2665 2933 a

418 2972 527 3033 Vs.
556 2970 711 3049 388,
770 2992 895 3053 quo
940 2971 1275 3050 docemur,
1329 2974 1785 3040 Pisthetaerum
1826 2997 1957 3040 non
2002 2976 2210 3041 solum
2265 2996 2447 3041 suam
2489 2976 2665 3042 ollam
2710 2984 2711 3026 ἒ

418 3072 660 3135 hahere
680 3120 697 3149 ,
760 3074 875 3136 sed
916 3075 1101 3136 etiam
1158 3095 1311 3139 veru
1352 3078 1725 3159 arripuisse,
1789 3082 1878 3144 ita
1933 3090 2001 3144 ut
2060 3080 2318 3145 dubium
2371 3101 2510 3146 esse
2551 3100 2667 3143 non

422 3174 655 3254 P⁰S⁸it2
716 3176 863 3256 quin
906 3178 1094 3241 etiam
1146 3178 1271 3241 du'o
1313 3182 1599 3267 τρυβλία
1646 3183 1747 3246 vel
1807 3178 2103 3271 ὀξύβαφα
2149 3184 2268 3247 sihi
2335 3183 2666 3267 sumpserit.
2708 3161 2709 3192 ¹

424 3277 743 3358 -Neque
778 3284 986 3341 tamen
1023 3280 1155 3364 jam
1198 3282 1367 3345 clara
1410 3282 1475 3344 in
1518 3283 1660 3347 luce
1702 3287 1942 3367 positus
1985 3287 2182 3365 locus,
2226 3288 2332 3351 ubi
2367 3290 2452 3352 de
2495 3285 2665 3349 armis
2706 3338 2707 3360 ,

425 3380 743 3461 capiendis
788 3400 995 3445 sermo
1040 3391 1153 3447 est.
1242 3385 1562 3460 Quatenus
1604 3388 2020 3453 Pisthetaerus
2066 3391 2275 3453 dicere
2317 3398 2563 3472 potest,
2623 3387 2670 3449 si

426 3484 583 3545 ollas
642 3484 1116 3566 prehenderint,
1188 3496 1483 3551 noctuam
1555 3488 1728 3569 ipsos
1803 3510 1931 3554 non
1993 3512 2132 3555 esse
2197 3492 2668 3576 aggressuram⁹

420 3585 788 3666 Respondet
826 3588 881 3648 is
943 3596 1117 3651 vetus
1178 3590 1514 3669 interpres,
1581 3592 1678 3655 cui
1723 3612 1800 3656 ea
1843 3594 2176 3673 debentur,
2245 3614 2408 3676 quae
2453 3595 2536 3658 ad
2573 3594 2703 3692 νε

426 3686 553 3749 357
606 3690 997 3768 reperiuntur
1037 3692 1390 3813 adscripta,
1433 3693 1564 3756 sive
1605 3695 1659 3757 is
1714 3697 2114 3779 Euphronius
2158 3707 2286 3777 est,
2348 3698 2484 3761 sive
2525 3695 2670 3761 alius

430 3789 599 3872 quis.
666 3791 977 3875 Φοβεῖται
1015 3817 1144 3878 γαρ
1182 3791 1310 3881 τὴν
1352 3794 1607 3885 χύτραν
1655 3795 1739 3867 τοὶ
1785 3798 1980 3885 ὄρνεα
2029 3796 2136 3869 δια
2179 3798 2258 3871 τό
2303 3805 2521 3925 ,ιιέλαν
2564 3796 2671 3866 αι]-
2700 3810 2701 3825 ’

428 3894 607 3971 τῶν,
686 3899 905 3955 contra
965 3896 1050 3973 is,
1126 3898 1230 3979 qui
1304 3901 1496 3964 verba
1569 3904 1772 3989 γλαῦξ
1843 3908 1977 3982 μὲν
2055 3900 2141 3977 οὗ
2191 3904 2490 3993 πρόςεισι
2551 3906 2670 3991 νῷν

429 3992 779 4059 adnotavit:
827 3992 937 4064 Ου’
982 3993 1091 4065 δια
1134 3994 1260 4085 τήν
1299 3998 1554 4091 χύτραν
1598 3998 1680 4070 ov'
1725 3999 2086 4091 πρὸςεισιν,
2145 4003 2233 4086 ὥς
2273 4005 2697 4095 Εὐφρόνιος·

430 4098 637 4164 τοῦτο
678 4123 805 4184 γαρ
848 4102 1081 4177 κοινῶς
1122 4103 1354 4173 πάντα
1379 4102 1466 4173 τοὶ
1509 4104 1704 4191 ὄρνεα
1751 4112 1969 4195 φοβεῖ·
2028 4106 2197 4177 ἄλλα
2239 4109 2348 4179 δια
2405 4105 2484 4178 τό
2520 4102 2670 4174 Ἀτ-

427 4192 619 4266 τικὸν
660 4200 827 4267 εἶναι
868 4198 943 4268 τὰ
980 4206 1163 4284 ζῶον.
1246 4200 1542 4276 Ἀττικοι
1589 4209 1659 4276 δὲ
1724 4212 1827 4277 καὶ
1878 4204 2120 4291 αυτ’,οι
2179 4233 2367 4296 quam
2408 4214 2668 4292 ineptam

428 4301 995 4382 interpretationem
1029 4309 1274 4372 recoxit
1313 4309 1618 4375 Hem-icus
1655 4313 1931 4377 Vossius.
2015 4316 2234 4379 Melius
2269 4313 2670 4400 Droysenius:
