2759 5084
1025 245 1104 258 ...
1201 209 1281 270 25
1369 243 1451 256 ..-

291 421 296 430 .
357 423 390 436 ..
487 415 492 424 -
732 425 738 432 .
980 379 1519 446 ΒΑΣΙΛΕΥΣ·
1586 425 1591 430 ·
1678 399 1686 407 ·
1828 432 1833 440 .

337 482 476 548 Καὶ
516 477 666 565 μὴν
705 477 1256 566 &immunda
1301 482 1590 567 Μέμφιν
1640 487 1857 558 &erog

1049 601 1403 668 ΧΟΡΟΣ.

334 705 468 770 Καὶ
525 704 702 780 Ζεύς
751 703 808 792 γ’
863 703 1171 791 ἐφάπτωρ
1221 708 1378 794 χειρὶ
1435 703 1652 790 φιτύει
1703 704 1927 791 γόνον.
2056 803 2063 812 ἱ

978 835 1491 903 ΒΑΣΙΛΕΥΣ.

345 935 428 1001 Tc
473 927 639 1021 οὗνς
699 935 734 1003 ὁ
777 943 929 1011 Δῖος
975 935 1210 1020 πόρτις
1253 931 1511 1025 εὔχεται
1553 929 1752 1022 ῥὀὁςς

973 1131 978 1138 .
1052 1064 1405 1134 ΧΟΡΟΣ.

255 1227 262 1232 .
315 1162 638 1250 ’'Euae-oc
689 1160 958 1252 ἀληθῶς
1007 1163 1244 1252 ῥυσίων
1297 1161 1670 1249 ἐπώνυμος,

99 1297 421 1360 Postremo
468 1307 681 1372 versu,
737 1299 840 1377 qui
885 1305 990 1360 est
1011 1297 1172 1371 310‚·
1211 1315 1457 1372 omnm,
1502 1297 1675 1381 quod
1710 1317 1828 1379 ego
1870 1298 2091 1372 sciam,
2134 1315 2348 1368 vocem

99 1395 292 1482 ῥύσια
335 1400 764 1464 intellexerunt
807 1397 886 1462 do
925 1421 1046 1474 cm,-
1071 1397 1246 1494 quod
1275 1397 1586 1483 luppiter
1630 1398 1859 1464 lom
1900 1417 2142 1467 manus
2184 1421 2349 1466 con-

103 1501 488 1564 trectatione
535 1523 574 1560 a
609 1501 856 1585 furore
912 1499 1322 1564 liberaverat.
1422 1501 1605 1575 Quod
1662 1502 1713 1564 si
1770 1501 1871 1576 fit,
1927 1504 2069 1584 jure
2124 1509 2348 1583 poetae

97 1604 284 1664 nimia
334 1603 604 1665 brevitas
665 1613 726 1665 et
783 1604 1152 1685 negligentia
1210 1603 1344 1664 dari
1402 1605 1636 1665 crimini
1694 1613 1916 1686 potest.
2039 1605 2164 1667 Sed
2223 1624 2347 1664 non

100 1707 346 1782 dubito,
405 1707 550 1786 quin
599 1707 716 1768 illa·
756 1726 880 1768 vox
933 1706 1111 1767 aliter
1163 1705 1525 1789 explicanda
1572 1707 1665 1766 sit.
1750 1708 1844 1766 De
1888 1707 2100 1768 furore
2147 1707 2211 1766 in
2253 1705 2345 1778 iis,

96 1827 258 1888 quae
302 1808 712 1888 praecedunt,
759 1808 1060 1899 expressis
1108 1807 1355 1887 quidem
1399 1806 1633 1880 verbis,
1678 1827 1883 1868 sermo
1926 1807 2175 1868 omnino
2218 1826 2344 1868 non

95 1911 317 1971 fuerat.
405 1910 634 1970 Contra
669 1912 800 1991 jam
839 1911 947 1970 Vs,
979 1910 1102 1972 296
1137 1919 1199 1973 et
1234 1909 1354 1972 297
1404 1918 1713 1972 narratum
1761 1918 1922 1987 erat,
1966 1913 2183 1972 Jovem
2226 1912 2339 1972 sub

93 2014 298 2074 forma
346 2015 504 2075 tauri
549 2031 680 2072 rem
721 2011 1016 2074 hahuisse
1060 2032 1202 2076 oum
1243 2014 1397 2075 Ione
1451 2015 1513 2075 in
1564 2033 1814 2076 vaccam
1870 2021 2120 2076 mutata.
2206 2014 2343 2074 Non

94 2124 183 2176 est
229 2114 516 2188 dubium,
583 2114 728 2192 quin
753 2114 870 2176 -hic
913 2114 1107 2182 coitus
1155 2134 1282 2178 non
1334 2115 1539 2208 irijitus
1582 2115 1797 2193 suerit3
1860 2123 2230 2196 conceperat
2271 2115 2341 2177 lo

89 2219 266 2282 haud
297 2218 484 2288 dubie
517 2225 578 2280 ct
611 2237 726 2298 per
759 2219 1012 2301 longum
1043 2228 1280 2300 tempus
1311 2219 1607 2284 infantem
1641 2229 1815 2291 utero
1856 2221 2095 2297 tulerat,
2144 2221 2343 2284 donec

89 2323 362 2394 tandem,
395 2330 542 2401 post
593 2321 922 2394 adventum
977 2322 1040 2382 in
1091 2323 1433 2404 Aegyptum
1478 2324 1647 2384 Jovis
1700 2324 1803 2386 illa
1859 2322 2341 2388 contrectatione

91 2427 275 2492 enixa
332 2433 440 2491 est,
533 2427 629 2489 Ex
681 2426 801 2489 hac
843 2422 1583 2506 interpretationeZezic
1639 2421 1951 2508 ἐφάπτωρ
2000 2427 2159 2509 χειρὶ
2212 2445 2339 2490 non

90 2531 344 2593 demum
383 2530 698 2611 gravidam
739 2529 946 2592 reddit
986 2530 1230 2604 Ionem,
1279 2530 1392 2590 sed
1434 2537 1677 2609 partum
1721 2529 1931 2601 solvit,
1977 2535 2038 2588 et
2078 2527 2336 2590 verbum

90 2629 314 2713 φιτύει·
361 2651 546 2701 seusu
597 2632 802 2702 latiori
845 2631 1072 2695 dictum
1115 2640 1238 2699 est..
1327 2631 1567 2700 Eodem
1610 2631 1800 2693 modo
1844 2649 1977 2692 rem
2026 2637 2087 2691 et
2126 2628 2335 2693 infor-
2418 2614 2438 2636 ⁶

85 2738 278 2800 mavit
307 2736 428 2804 sibi
462 2742 526 2796 et
553 2754 707 2806 vero
739 2736 1042 2816 expressit
1069 2735 1355 2810 Ovidius,
1398 2739 1531 2816 qui,
1572 2744 1897 2817 postquam
1924 2735 2335 2816 Metamorph.

81 2841 120 2901 1.
151 2842 208 2915 Ι,
257 2837 518 2908 vazssoo
555 2837 654 2900 -de
707 2838 1278 2908 concubitu-multo,
1318 2839 1489 2921 prius
1533 2841 1735 2904 locum
1776 2839 2045 2908 habente
2088 2837 2331 2918 signifi-

81 2943 364 3005 cavit-et.
395 2941 476 3002 ad
525 2948 902 3020 postremum
946 2941 1024 3000 de
1055 2939 1232 3006 jonis
1275 2941 1338 3002 in
1380 2942 1725 3025 Aegyptum
1777 2940 2044 3004 adventu
2093 2941 2333 3008 locutus

79 3056 202 3122 est,
262 3047 354 3108 sio
381 3047 595 3127 pei-9⁰1
637 3045 739 3105 Va.
775 3044 896 3106 749
936 3063 1060 3122 sq.:

307 3150 466 3214 Hinc
503 3148 801 3228 Epaphus
844 3147 1049 3228 magni
1092 3145 1326 3227 genitus
1371 3145 1451 3209 de
1494 3144 1726 3206 semine
1771 3133 2034 3218 tandem

279 3253 578 3316 .creditur
617 3271 756 3316 esse
798 3250 986 3314 lovis.
1716 3308 1725 3318 ,

75 3357 300 3434 Neque
358 3355 532 3415 aliter
575 3355 910 3436 Aeschylus
966 3353 1207 3413 videtur
1261 3361 1389 3413 tum
1437 3349 1751 3423 statuisse,
1823 3371 2005 3430 quum
2060 3354 2325 3414 Prome-

75 3458 296 3518 theum
330 3458 610 3518 Vinctum
646 3457 1013 3536 composuit,
1059 3456 1228 3537 cujus
1274 3454 1523 3514 fabulae
1566 3452 1732 3525 loco,
1778 3452 1879 3530 qui
1922 3440 2141 3535 legitur
2182 3455 2325 3515 inde

70 3581 110 3622 a
159 3563 270 3622 Vs,
295 3559 448 3632 666,
496 3559 664 3639 quod
709 3559 936 3637 apertis
980 3558 1226 3638 quidem
1269 3558 1475 3622 verbis
1518 3556 1682 3618 nulla
1725 3557 1953 3617 mentio
1997 3555 2067 3617 fit
2110 3559 2323 3632 coituS,

73 3663 184 3742 qui
236 3682 312 3723 eo
356 3673 637 3745 tempore
681 3663 911 3737 fuerat,
975 3665 1052 3723 de
1097 3684 1224 3743 qno
1269 3665 1359 3725 ihi
1416 3682 1622 3724 sermo
1668 3669 1791 3736 est,
1851 3660 2029 3724 facile
2078 3664 2323 3724 condo—

71 3773 264 3826 natur
307 3767 440 3828 Ioni
487 3768 564 3828 de
608 3775 801 3828 semet
842 3767 976 3845 ipsa
1019 3767 1310 3847 loquenti.
1397 3767 1571 3840 Quae
1608 3765 1659 3827 si
1694 3785 1840 3828 vera
1883 3775 1973 3828 est
2006 3766 2321 3841 sententia,

70 3875 373 3948 apparet,
417 3870 784 3931 vocabulum
827 3863 1019 3954 ῥύσια
1063 3867 1266 3948 potius
1312 3867 1391 3930 de
1429 3887 1504 3929 eo
1544 3887 1681 3930 esse
1718 3867 2103 3948 capiendum,
2148 3865 2326 3960 quod

65 3969 393 4054 Juppiter
439 3991 678 4034 manus
717 3969 1225 4032 contrectatione
1246 3966 1476 4031 Ionem
1510 3989 1707 4032 onere
1740 3967 2162 4043 liberaverat,
2206 3969 2321 4030 nisi

63 4075 246 4135 forte
304 4075 436 4154 quis
494 4074 722 4134 mavult
778 4072 854 4133 de
909 4073 1151 4154 Epaphi
1206 4071 1571 4132 liberatione
1631 4091 1707 4132 ex
1751 4072 2033 4146 vinculiS,
2101 4072 2318 4152 quibus

63 4176 257 4255 quasi
313 4177 634 4237 tenebatur
684 4177 746 4236 in
801 4184 976 4236 utero
1023 4177 1282 4258 degens,
1342 4175 1698 4256 intelligere.
1798 4173 2318 4274 Haeffihactenus.

62 4281 214 4339 Jam
271 4286 333 4337 ut
387 4278 466 4338 ad
509 4279 710 4339 locum
754 4277 1102 4339 Promethei
1157 4279 1513 4352 redeamuS‚
1571 4275 1640 4338 fit
1682 4276 1863 4349 illud,
1920 4276 2087 4356 quod
2133 4295 2318 4356 supra
