2759 5084
967 227 1386 292 ...35-

812 393 1571 464 ΠΕῙΣΘΕΤΑῙΡΟΣ.

151 492 254 564 Ὦ
295 493 652 576 Πόσειδον,
703 506 924 582 ἕτερος
969 489 1058 564 αὖ
1101 519 1204 572 τις
1238 490 1505 580 βαπτὸς
1551 492 1730 584 ὅρνις
1770 490 2018 566 οὑτοσί.

169 599 291 673 Tic
334 594 742 684 ὀνομάζεταί
785 588 948 668 ποθ’
991 585 1234 679 οὕτως

1042 711 1344 784 ΕΠΟΨ.

1251 814 1501 886 Οὑτοσὶ
1548 817 1959 905 κατωφαγᾶς.

818 933 1003 1003 ΠΕῙ
996 933 1191 1004 ΣΘΕ
1194 934 1370 1002 ΤΑῙ
1367 937 1429 1001 Ρ
1434 936 1578 1004 ΟΣ.

147 1035 348 1106 Ἔστι
394 1035 524 1127 reip
574 1041 966 1124 κατωφαγᾶς
1007 1061 1108 1113 τις
1156 1033 1353 1110 ἄλλος
1398 1032 1441 1122 ἢ
1482 1033 1926 1126 Κλεώνυμοςς

902 1154 1484 1226 ΕΥΕΛΠῙΔΗΣ.

161 1263 321 1337 Πῶς
347 1257 434 1330 ἂν
463 1253 593 1331 οὖν
622 1255 1030 1346 Κλεώνυμός
1060 1253 1122 1344 y’
1148 1252 1240 1324 ὢν
1269 1249 1388 1324 οὐκ
1418 1251 1715 1343 ἀπέβαλε
1742 1258 1860 1328 τόν
1888 1255 2135 1346 λόφονς
2192 1261 2316 1324 290

822 1376 1008 1446 ΠΕῙ
1001 1373 1194 1444 ΣΘΕ
1199 1377 1375 1442 ΤΑῙ
1366 1377 1430 1441 Ρ
1438 1375 1580 1442 ΟΣ.

157 1473 368 1549 Ἀλλὰ
411 1479 648 1562 μέντοι
692 1479 795 1554 τίς
840 1472 1004 1581 ξιοιΥ
1047 1475 1090 1564 ἦ
1132 1473 1412 1562 λόφωσις
1456 1469 1499 1560 ἦ
1541 1479 1673 1546 τῶν
1715 1474 1991 1566 ὄρνέωνς

145 1579 262 1652 ”H
301 1579 402 1649 ’πὶ
454 1575 574 1650 τόν
626 1579 898 1650 δίαυλον
946 1573 1164 1666 ἦλθον
1178 1602 1203 1658 ,·

1046 1698 1252 1768 ΕΠΟ
1266 1700 1352 1768 Ψ.

1161 1797 1435 1888 Ἵὶςπερ
1480 1809 1543 1871 οἱ
1583 1804 1809 1889 Κᾶρες
1850 1808 1983 1890 μὲν
2027 1797 2153 1874 οὖν

156 1901 324 1976 Ἐπὶ
372 1904 593 1993 λόφων
633 1906 931 1974 οἰκοῦσιν
981 1896 1192 1990 ὦγάθ’
1239 1897 1601 1988 ἀσφαλείας
1650 1904 1921 1976 οὔνεκα.

75 2079 447 2131 Recensentur
498 2079 777 2131 doctorum
828 2076 1101 2128 hominum
1157 2077 1454 2129 sententiae
1507 2078 1573 2129 de
1623 2084 1875 2149 quattuor
1933 2079 2119 2131 avibus
2168 2081 2318 2149 prins

75 2185 235 2235 quan
271 2167 466 2220 chorus
501 2167 560 2217 in
595 2171 942 2235 conspectum
977 2163 1336 2216 venientibus.
1412 2165 1476 2216 In
1508 2171 1817 2219 transcursu
1846 2171 2109 2218 tractatur
2140 2167 2316 2229 locus,

869 2255 966 2324 qui
1015 2261 1098 2308 est
1142 2253 1238 2308 Vs.
1267 2253 1372 2306 448
1414 2271 1537 2324 sqq.

244 2364 485 2426 Primae
547 2362 880 2426 adveniunt
939 2369 1228 2443 quattuor
1279 2381 1427 2424 aves
1441 2408 1457 2437 ,
1518 2379 1757 2444 eaeque
1814 2382 1941 2426 non
1998 2363 2319 2426 confestim

75 2469 282 2530 citove
325 2466 682 2529 advolantes
698 2511 716 2541 ,
775 2485 900 2528 non
941 2485 1066 2528 uno
1112 2466 1353 2546 agmine
1369 2511 1387 2539 ,
1448 2464 1561 2526 sed
1601 2464 1877 2547 singulae
1920 2471 1983 2526 et
2022 2475 2319 2530 secretae.

73 2569 361 2631 Advertit
408 2569 570 2630 haec
622 2586 724 2628 res
771 2567 904 2649 jam
953 2572 1230 2628 veterem
1281 2567 1683 2646 interpretem
1728 2566 1810 2628 ad
1850 2568 1955 2630 Vs.
1990 2567 2113 2631 297
2162 2571 2323 2633 haec

75 2671 510 2737 adnotantem:
558 2661 695 2738 ἀπὸ
735 2665 987 2740 τούτου
1025 2661 1070 2754 ἦ
1113 2668 1601 2756 mccvi-nancte
1645 2668 1781 2736 τῶν
1829 2672 1925 2745 εἰς
1966 2664 2089 2738 τόν
2122 2667 2322 2762 χορόν

72 2771 558 2843 συντεινόντων
614 2769 977 2858 προςσὶπων
1031 2768 1169 2849 κδ’,
1247 2775 1322 2840 ἐν
1387 2770 1669 2858 περιττῷ
1733 2770 2131 2855 ληφθέντων
2188 2773 2321 2840 τῶν

71 2872 756 2959 προκατοιλεγμένων.
852 2873 982 2936 Nec
1029 2879 1266 2948 tamen,
1325 2893 1435 2934 cnr
1477 2877 1768 2954 quattuor
1816 2872 1961 2934 illae
2011 2891 2319 2954 personae

71 2977 138 3038 in
187 2991 434 3038 scenam
477 2981 686 3036 essent
734 2972 1020 3037 inductae
1033 3021 1049 3049 ,
1109 2973 1320 3037 dedita
1363 2991 1561 3056 opera
1608 2971 2020 3056 probabiliter
2062 2975 2320 3056 exposi-

71 3088 210 3143 tum
265 3085 362 3140 est
414 3096 453 3140 a
508 3095 838 3158 quoquam.
937 3074 1123 3138 Nihili
1181 3082 1389 3139 antem
1445 3077 1809 3158 pensitanda
1869 3085 1964 3141 est
2019 3078 2321 3141 sententia

69 3181 402 3246 Suevernii
457 3181 702 3269 prolata
755 3179 820 3240 in
877 3179 1393 3242 commentatione
1453 3179 1531 3241 de
1590 3180 2013 3261 Aristophanis
2072 3179 2319 3254 Avibus,

69 3301 242 3365 quae
289 3290 384 3346 est
423 3282 583 3346 inter
613 3281 1160 3346 commentationes
1195 3281 1405 3343 classis
1440 3281 1773 3344 historicae
1808 3290 1872 3344 et
1905 3282 2319 3365 philologicae

65 3385 294 3467 regiae
347 3383 702 3448 academiae
757 3384 1146 3448 scientiarum
1195 3381 1639 3458 Berolinensis,
1698 3401 1755 3444 a.
1803 3383 1965 3447 1827
2018 3385 2320 3459 recitatas,

66 3486 350 3550 Berolini
402 3504 458 3547 a.
497 3487 662 3550 1830
699 3488 1074 3568 publicatas,
1131 3487 1303 3569 cnjus
1343 3485 1488 3546 libri
1528 3507 1590 3570 p.
1625 3487 1741 3548 101
1788 3483 1949 3548 haec
1988 3487 2319 3568 reperiun-

65 3597 180 3651 tur
221 3587 446 3650 verbat
511 3588 648 3651 «die
689 3608 814 3652 von
855 3589 960 3650 Vs.
995 3587 1118 3651 267
1161 3588 1256 3650 bis
1301 3587 1425 3652 293
1471 3588 1957 3651 erscheinenden
1999 3589 2133 3652 vier
2175 3589 2319 3652 ein-

66 3692 298 3752 zelnen
339 3692 540 3774 Vogel
591 3691 904 3776 geho’ren‚
963 3691 1081 3752 wie
1123 3692 1318 3754 schon
1359 3711 1483 3755 von
1528 3691 1650 3754 den
1694 3691 1985 3754 Scholion
2035 3693 2321 3756 bomerkt

65 3793 264 3868 wil-d,
303 3795 472 3859 nicht
512 3797 624 3857 mit
662 3815 800 3858 zum
842 3793 1076 3868 Chore,
1118 3793 1389 3856 sondern
1429 3794 1683 3857 werden
1729 3797 1816 3858 als
1859 3803 2117 3859 stnmme
2160 3799 2319 3858 Per—

65 3913 282 3959 sonen
333 3915 451 3958 nur
500 3895 1052 3978 voriibergeftihrt,
1111 3914 1217 3957 nm
1269 3894 1370 3956 die
1422 3897 1784 3960 satirischen
1833 3899 2319 3978 Bemerkungen,

64 4000 325 4065 welche.
359 4000 463 4063 bei
490 4001 702 4084 jedem
735 4021 860 4063 von
898 4000 1088 4062 ihnen
1122 3999 1409 4081 gemacht
1440 4000 1717 4076 werden,
1760 4021 1835 4062 zu
1862 4000 2315 4062 veranlassen.»

65 4103 266 4179 Quis,
303 4120 562 4183 quaeso,
609 4111 674 4166 ut
713 4111 979 4178 taceam,
1019 4119 1242 4165 revera
1279 4108 1533 4183 poetam
1573 4121 1699 4164 non
1742 4101 2003 4184 cujusvis
2046 4101 2319 4181 arripere

63 4205 212 4268 avis
257 4206 907 4269 commemorationem
949 4205 1030 4266 ad
1071 4211 1339 4289 satyram
1383 4203 1824 4278 adhibendam,
1868 4209 2097 4266 tantam
2138 4201 2317 4262 inso-

61 4306 336 4370 lentiam
389 4308 454 4371 in
496 4306 996 4372 artificiosissima
1052 4307 1482 4390 elegantissimi
1540 4313 1767 4389 poetae
1820 4305 2031 4368 fabula
2081 4304 2316 4367 admitti
