2759 5084
1293 149 1983 262 Η,
2719 0 2727 370 s

423 371 570 444 sint,
613 369 769 443 sive,
815 369 983 450 quod
1025 369 1188 432 idem
1233 377 1356 444 est,
1411 367 1547 430 sola
1584 368 1737 430 tibia
1780 387 2141 450 expressae,
2190 389 2271 432 an
2314 369 2394 431 ab
2436 370 2639 451 Upupa
2724 371 2726 380 '

423 470 725 535 cantando
785 489 1113 552 expressae
1179 470 1538 532 concinente
1595 471 1849 534 luscinia
1914 473 2043 535 sive
2106 472 2257 534 tibia
2317 471 2641 554 adpirante.

423 573 710 638 Similiter
751 574 963 654 quaeri
1003 581 1240 654 potest,
1282 574 1481 637 sintne
1522 573 1783 636 eaedem
1830 575 1925 636 vel
1965 575 2192 638 similes
2235 593 2451 650 voces,
2496 593 2641 656 quae

421 679 582 741 infra
612 680 676 741 in
705 679 946 741 duobus
977 680 1366 762 reperiuntur
1398 680 1791 755 carminibuS,
1836 699 2098 760 quorum
2128 682 2301 762 prius
2335 699 2373 742 a
2402 681 2507 742 Vs.
2532 678 2641 739 737
2726 679 2728 690 '

421 781 658 863 incipit,
715 781 976 843 alterum
1019 799 1057 842 a
1097 783 1202 844 Vs.
1235 782 1390 856 769,
1452 783 1533 844 ab
1575 782 1677 857 iis,
1740 801 1901 862 quae
1942 791 2195 858 canunt,
2256 785 2469 850 avibus
2514 792 2575 844 et
2614 801 2647 843 a

420 885 675 946 luscinia
706 885 1004 964 prolatae,
1049 902 1127 945 an
1161 903 1199 946 a
1233 885 1370 946 sola
1402 885 1673 947 luscinia.
1760 885 1880 960 Qui
1912 887 2175 967 primum
2210 888 2405 949 nostri
2443 885 2647 947 cantici

421 1006 668 1050 versum
722 987 805 1048 ad
861 1005 992 1048 rem
1048 985 1498 1070 profligandam
1558 988 1909 1050 adhibuerit
1966 998 2030 1050 et
2083 989 2264 1050 simul
2322 989 2474 1062 loci,
2554 987 2648 1066 qui

423 1099 518 1154 est
557 1108 744 1172 supra
785 1091 888 1151 νε.
917 1091 998 1152 57
1027 1111 1146 1171 sq„
1189 1092 1561 1166 meminerit,
1606 1093 1710 1154 ubi
1742 1092 2155 1154 Pisthetaerus
2199 1076 2287 1153 sic
2329 1089 2650 1171 alloquitur

421 1191 813 1274 Euelpidem:
2728 1191 2730 1198 '

642 1295 710 1359 τί
751 1293 954 1379 λέγεις
995 1289 1222 1375 οὗτοςς
1269 1293 1391 1364 τὸν
1436 1299 1660 1362 ἔποπα
1705 1308 1832 1362 παῖ
1875 1295 2127 1377 ualere,-

644 1390 766 1462 οὐκ
807 1393 954 1464 ἀντὶ
997 1400 1123 1464 τοῦ
1163 1393 1403 1470 παιδός
1448 1389 1507 1481 γ’
1548 1397 1739 1485 ἐχρῆν
1780 1401 2023 1463 ἐποποῖ
2065 1397 2322 1470 καλεῑνς
2420 1485 2425 1494 ¹

423 1501 553 1582 ejus
595 1499 803 1560 nescio
848 1517 928 1560 an
971 1500 1204 1560 animus
1247 1500 1641 1562 inclinaturus
1684 1499 1791 1574 sit,
1852 1508 1920 1560 ut
1962 1498 2201 1572 credat,
2260 1498 2431 1558 illum
2474 1498 2659 1560 etiam

423 1603 502 1664 ab
547 1603 761 1684 Upupa
801 1603 1259 1684 pronuntiatum
1303 1621 1460 1666 esse.
1546 1602 1739 1676 Quin,
1787 1601 1840 1664 si
1882 1601 2070 1675 infra,
2116 1601 2219 1663 Vs.
2245 1600 2387 1674 267,
2442 1600 2659 1662 Phoe-

425 1707 803 1788 nicopterum
845 1707 1328 1789 deprehenderit
1368 1713 1725 1769 vocantem:

917 1809 1174 1890 τοροτὶξ
1223 1809 1513 1892 τοροτίξ,

423 1911 698 1972 fortassis
730 1911 892 1972 hanc
925 1910 1288 1975 sententiam
1319 1911 1722 1973 certissimam
1752 1929 1891 1974 esse
1925 1909 2336 1973 affirmaturus
2368 1910 2463 1972 sit.
2544 1908 2666 1971 Sed
2734 1885 2737 2034 Ι

425 2012 688 2074 elucebit
741 2031 820 2072 ex
874 2010 976 2085 iis,
1037 2029 1196 2090 quae
1248 2011 1457 2092 paullo
1510 2012 1671 2073 infra
1722 2012 2195 2094 disputabimus,
2252 2012 2418 2072 hunc
2458 2011 2667 2073 locum

423 2122 656 2175 tantum
699 2112 918 2174 abesse
963 2120 1029 2174 ut
1069 2113 1235 2172 illam
1277 2112 1489 2174 fulciat
1529 2114 1891 2176 sententiam
1908 2160 1924 2188 ,
1986 2122 2051 2175 ut
2093 2113 2269 2174 alteri
2310 2111 2665 2174 firmissimo
2734 2123 2736 2166 ἐ

425 2216 501 2276 sit
554 2213 885 2295 praesidio.
982 2213 1140 2274 Illud
1193 2219 1401 2274 autem
1456 2217 2357 2280 ἐποποποποποποποποποῖ
2402 2225 2671 2297 apparet
2736 2205 2739 2366 y

424 2317 694 2400 potuisse
739 2322 802 2378 et
842 2315 992 2376 tibia
1023 2315 1309 2397 exprimi,
1356 2322 1419 2378 et
1452 2323 1591 2396 apte
1629 2315 1815 2376 tribui
1848 2314 2032 2376 etiam
2069 2314 2390 2392 lusciniae,
2434 2318 2669 2400 quippe
2736 2383 2738 2386 Α

423 2424 678 2503 Upupae
745 2419 956 2498 uxori3
1034 2420 1167 2482 vice
1233 2438 1414 2482 versa
1481 2420 1641 2481 infra
1705 2419 1962 2482 alteram
2026 2436 2291 2500 upupam
2350 2419 2669 2482 tibicinem

427 2544 887 2609 cognoscemus·
985 2525 1124 2586 Non
1180 2523 1395 2584 dubito
1452 2524 1765 2604 equidem,
1826 2524 1972 2604 quin
2017 2543 2229 2586 omnes
2271 2524 2672 2586 illae'avium

425 2650 610 2692 voces
653 2647 691 2688 a
731 2626 984 2688 luscinia
1027 2626 1161 2686 sola
1203 2626 1354 2685 tibia
1398 2645 1728 2705 expressae
1772 2626 1906 2684 sint.
1994 2625 2135 2696 Quo
2170 2643 2463 2684 concesso
2500 2626 2672 2687 ultro

427 2729 777 2813 apparebit,
841 2745 1024 2806 quam
1067 2734 1209 2807 apte
1251 2727 1403 2786 tibia
1442 2735 1571 2786 tam
1614 2734 1755 2786 ante
1799 2726 1997 2803 ipsum
2040 2731 2317 2784 nostrum
2360 2724 2675 2786 canticum

425 2840 631 2906 sonet,
689 2848 870 2910 quam
912 2829 1070 2889 inter
1115 2827 1510 2900 cantandum,
1566 2843 1749 2906 quam
1793 2833 1972 2886 cantu
2014 2821 2207 2886 finito.
2303 2824 2373 2884 In
2418 2825 2675 2888 duobus

426 2943 633 2998 autem
673 2932 787 2993 illis
832 2930 1226 3002 carminibuS,
1273 2947 1431 3008 quae
1476 2929 1637 2990 infra
1679 2935 1846 3002 sunt,
1896 2934 2022 2988 tam
2064 2926 2223 2988 miro
2267 2927 2457 3016 modo
2502 2947 2671 2990 can-

427 3048 519 3101 tus
565 3034 1020 3114 interrumpitur
1061 3033 1176 3093 illis
1221 3033 1425 3094 avium
1466 3033 1751 3107 vocibuS,
1800 3038 1865 3093 ut
1907 3030 2007 3093 vel
2050 3031 2132 3091 ob
2176 3030 2338 3092 hanc
2380 3049 2671 3093 caussam
2738 3055 2740 3086 ι

425 3143 525 3204 vix
568 3145 775 3218 aptum
816 3136 924 3210 sit,
971 3136 1048 3197 ab
1094 3135 1194 3209 iis,
1241 3137 1343 3218 qui
1390 3141 1640 3208 canunt,
1696 3133 1873 3195 simul
1915 3131 2338 3212 pronuntiatas
2384 3133 2666 3196 credere.
2738 3125 2740 3132 ’

424 3241 674 3306 Accedit
713 3240 794 3300 ad
835 3240 996 3302 hanc
1038 3259 1201 3314 rem,
1260 3237 1433 3319 quod
1468 3237 1664 3299 verba

649 3339 922 3408 πάντων
971 3339 1259 3424 ξύννομε
1310 3340 1441 3404 τῶν
1496 3337 1669 3421 ἐμῶν

644 3440 877 3529 ὕμνων
933 3437 1232 3526 ξύντροφ’
1286 3437 1479 3525 οἷηδοῑ

427 3553 488 3609 et

651 3647 891 3712 Μοῦσα
952 3646 1270 3734 λοχμαία,

650 3748 953 3830 ποικίλη,
1007 3743 1169 3830 μεθ’
1215 3733 1296 3826 ἧς
1349 3751 1471 3830 ἔγω

650 3843 930 3916 νάπαισι
983 3849 1090 3913 καὶ
1144 3861 1459 3932 κορυφαῖς
1510 3851 1583 3913 ἐν
1632 3842 1905 3929 ὀρείαις,

657 3949 958 4036 ἱζόμενος
1007 3949 1242 4033 μελίας
1299 3949 1409 4014 ἐπὶ
1464 3946 1913 4032 φυλλοκόμου,

651 4050 731 4119 δι’
787 4053 948 4136 ἐμῆς
993 4043 1232 4135 γενύος
1285 4049 1536 4135 ξουθῆς
1588 4049 1839 4129 μελέων

653 4156 832 4221 Πανὶ
889 4151 1138 4235 νόμους
1195 4146 1417 4236 ἱερούς
1474 4146 1855 4235 ἀναφαίνω,

429 4280 646 4360 quibus
681 4278 1026 4360 appellatur
1057 4296 1096 4338 a
1129 4277 1324 4338 choro
1355 4276 1561 4338 avium
1592 4273 1849 4336 luscinia
1878 4274 1982 4336 νε.
2006 4274 2131 4336 678
2154 4293 2243 4354 sq.
2274 4281 2337 4335 et
2366 4274 2488 4337 737
2509 4269 2659 4352 s'qq„
