2759 5084
1357 193 1775 256 -54-....

593 365 600 370 ’
705 364 976 455 Θρᾶσσῃ
1018 360 1346 450 πτερωτὸς
1392 361 1574 448 ὅρνις
1613 369 1689 429 ἐν
1731 364 2119 454 παντευχίᾳ,

441 477 512 533 ut
553 467 904 550 appellatur
943 469 1024 531 ab
1069 466 1380 550 Aeschylo
1426 466 1641 548 fragm.
1685 467 1811 530 300
1854 467 2139 530 Schuetz.
2164 511 2181 540 ,
2224 466 2371 546 quin
2416 467 2687 530 Thracia

445 571 574 634 avis
619 570 912 636 habenda
973 571 1052 634 sit
1111 570 1378 632 dubitari
1424 570 1677 638 omnino
1738 571 1968 652 nequit.
2070 569 2283 632 Thrax
2340 573 2503 634 enim
2555 581 2691 634 erat

441 677 706 751 'rcreus,
751 693 935 756 quem
977 673 1228 736 fabulae
1271 673 1559 734 ferebant
1580 673 1661 734 in
1704 691 1975 753 upupam
2012 689 2151 736 esse
2190 679 2509 750 mutatum,
2558 675 2686 736 ho-

442 775 664 838 minem
703 777 1040 851 cristatum,
1085 768 1366 851 στικτὸν,
1410 775 1791 838 versicolore
1820 784 2103 838 ornatum
2136 777 2359 839 vestitu
2402 777 2467 836 in
2506 795 2689 840 avem

436 873 646 944 itidem
700 880 1018 942 'cristatam
1061 878 1262 961 'atque
1328 881 1561 943 variam
1604 882 1953 962 pictamque
2012 878 2287 960 plumam
2328 879 2687 952 habentem,

437 983 578 1045 vide
623 1001 785 1064 quae
825 979 908 1043 ad
952 981 1106 1044 illud
1149 982 1441 1068 Aeschyli
1494 983 1902 1065 fragmentum
1966 981 2287 1046 adnotavit
2344 981 2687 1044 Salmasius

439 1085 697 1146 Plinian.
739 1083 1002 1146 Exercit.
1047 1087 1224 1147 Tom.
1263 1085 1308 1146 1.
1350 1103 1412 1164 p.
1451 1085 1571 1147 168
1614 1091 1679 1146 et
1723 1084 1863 1161 169,
1908 1089 1999 1160 et,
2060 1081 2225 1145 illius
2270 1101 2518 1165 upupae
2560 1105 2687 1148 ne-

436 1196 649 1268 potem
692 1189 854 1251 hanc
899 1185 1157 1251 alteram
1201 1207 1474 1271 upupam
1516 1187 1828 1250 tibicinem
1869 1187 2082 1269 prodi,
2142 1189 2276 1272 jam
2328 1207 2521 1268 supra
2576 1190 2687 1250 vi·-

439 1291 660 1353 dimus.
746 1291 935 1366 Quod
977 1311 1130 1354 vero
1195 1291 1413 1354 attinet
1468 1291 1549 1352 ad
1606 1309 1745 1352 eam
1788 1309 1998 1367 avem,
2068 1309 2229 1371 quae
2292 1294 2687 1376 κατωφαγᾶς

435 1394 786 1474 appellatur
807 1444 822 1473 ,
883 1398 1080 1460 minus
1127 1397 1375 1478 quidem
1422 1404 1589 1458 certa
1632 1415 1733 1458 res
1780 1405 1907 1474 est,
1974 1396 2087 1458 sed
2144 1394 2682 1476 persuasissimum

432 1499 660 1577 habco,
704 1503 1032 1564 Boeotiam
1077 1501 1473 1584 cogitandam
1526 1518 1687 1561 esse.
1773 1499 1845 1560 Id
1888 1507 1957 1562 ut
2008 1500 2284 1575 credam,
2346 1498 2509 1560 duae
2550 1499 2680 1560 im·-

433 1601 644 1684 primis
690 1621 948 1666 caussae
1001 1605 1262 1682 faciunt,
1323 1607 1499 1687 prior
1554 1603 1743 1676 haec,
1811 1604 1982 1684 quod
2040 1602 2337 1666 credibile
2393 1621 2520 1664 non
2562 1608 2680 1677 est,

429 1709 842 1786 Boeotorum,
901 1727 1060 1790 quos
1121 1709 1235 1769 arti
1289 1707 1456 1771 tibiis
1502 1705 1765 1769 canendi
1828 1707 2155 1770 maximam
2200 1725 2455 1788 operam
2477 1754 2494 1782 ,
2558 1725 2679 1766 nec

431 1829 582 1872 sane
640 1809 983 1888 incassum,
1043 1829 1306 1875 navasse
1365 1811 1753 1874 notissimum
1816 1818 1939 1886 est,
2004 1819 2065 1873 et
2129 1809 2425 1892 imprimis
2488 1809 2673 1872 etiam
2739 1799 2740 1814 ¹

429 1909 690 1972 Athenis
735 1921 929 1976 artem
971 1901 1142 1974 illam
1197 1913 1581 1990 exercuisse,
1644 1907 1722 1974 ex
1774 1912 2053 1994 pluribus
2096 1912 2196 1976 vel
2253 1913 2436 1996 hujus
2474 1911 2675 1992 ipsius

431 2019 656 2094 poetae
700 2012 854 2076 locis
899 2022 1189 2096 apparet,
1248 2013 1485 2076 nnllam
1528 2015 1781 2078 omnino
1828 2035 1967 2078 esse
2011 2017 2315 2078 rationem
2358 2013 2672 2088 habitam;

433 2117 629 2176 altera
670 2116 861 2193 haec,
929 2117 1101 2199 quod
1145 2125 1358 2198 aperte
1402 2117 1465 2179 in
1508 2117 1757 2179 nomine
1804 2119 2197 2202 κατωφαγᾶς
2242 2116 2465 2179 allusio
2508 2116 2679 2178 inest

432 2219 512 2280 ad
552 2220 987 2296 voracitatem,
1046 2221 1322 2281 Boeotos
1365 2238 1516 2281 vero
1564 2226 1626 2282 et
1668 2220 1859 2280 fuisse
1903 2219 2161 2300 gulosos
2206 2228 2269 2282 et
2304 2225 2565 2301 propter
2600 2219 2675 2279 id

428 2323 629 2402 ipsum
673 2321 812 2402 plus
857 2321 1075 2400 etiam,
1121 2341 1306 2404 quam
1349 2342 1465 2405 par
1506 2331 1669 2400 erat,
1714 2323 1793 2386 ab
1836 2323 2053 2386 Atticis
2090 2332 2337 2388 notatos
2382 2343 2521 2386 esse
2562 2331 2674 2386 at—

429 2445 548 2506 que
593 2426 868 2502 derisoS,
927 2427 1088 2488 inter
1129 2444 1345 2489 omnes
1391 2434 1652 2490 constat.
1748 2429 1921 2489 Haec
1976 2429 2161 2510 igitur
2221 2429 2271 2490 si
2328 2437 2494 2489 recte
2552 2447 2675 2490 ex-

426 2530 807 2611 putavimuS‚
862 2529 966 2594 hic
1008 2539 1226 2611 poeta,
1291 2551 1478 2613 quum
1523 2549 1703 2608 aves,
1764 2549 1923 2613 quae
1968 2531 2249 2593 tibicines
2292 2549 2672 2613 repraesen-

430 2639 663 2708 tarent,
709 2631 926 2712 elegit,
987 2637 1232 2716 egregie
1276 2636 1365 2697 sic
1410 2636 1532 2717 egit
1571 2653 1702 2695 rem
1746 2652 1955 2708 suam,
2013 2640 2080 2694 ut
2122 2631 2331 2696 earum
2377 2635 2670 2716 gentium,

431 2753 590 2815 quae
637 2742 698 2795 et
762 2725 1024 2814 primum
1083 2745 1144 2799 et
1185 2741 1519 2820 praecipue
1564 2747 1758 2800 artem
1800 2737 1967 2800 tibiis
2022 2739 2284 2800 canendi
2327 2739 2671 2807 coluerunt.

429 2855 507 2898 ex
551 2835 766 2898 ordine
810 2836 1117 2900 rationem
1160 2838 1439 2902 haberet.
1482 2875 1566 2886 ·-
1621 2838 1713 2900 Ad
1756 2846 2137 2920 postremum
2180 2840 2507 2902 dicendum
2552 2841 2673 2901 erit

429 2941 508 3002 de
553 2937 720 3022 gallo
787 2940 1157 3022 gallinaceo.
1261 2944 1418 3004 Eum
1480 2943 1725 3004 Medum
1798 2961 1938 3005 esse
1980 2943 2111 3005 sive
2172 2944 2453 3018 Persam,
2512 2943 2669 3023 ipse,

431 3051 498 3105 ut
533 3044 664 3126 jam
723 3043 1017 3121 vidimuS,
1080 3045 1363 3108 Comicus
1420 3047 1726 3126 expressis
1788 3046 1994 3108 verbis
2054 3045 2433 3128 significavit.
2539 3048 2667 3108 Sed

429 3147 774 3226 quaeritur,
819 3147 968 3227 quid
1011 3147 1120 3224 sit,
1167 3149 1336 3229 quod
1381 3146 1713 3210 Medicum
1756 3149 1887 3212 sive
1929 3135 2269 3212 Persicum
2314 3150 2670 3212 adhibuerit

427 3249 831 3325 citharistam,
895 3255 957 3311 et
1009 3259 1307 3331 quatenns
1350 3251 1742 3332 potissimum
1784 3249 2037 3338 gallum
2080 3249 2521 3339 quilinaceum
2566 3253 2669 3314 ci-

429 3353 747 3416 tharistam
803 3354 1038 3416 fecerit.
1137 3355 1213 3416 Et
1253 3353 1409 3415 illud
1461 3353 1709 3434 quidem
1772 3353 1919 3434 quid
1963 3353 2081 3417 sibi
2136 3352 2310 3429 velit,
2368 3362 2513 3436 post
2571 3375 2668 3433 ea,

427 3477 586 3539 quae
647 3477 834 3539 supra
891 3479 949 3539 p.
987 3458 1070 3520 39
1131 3458 1367 3520 monita
1428 3462 1569 3518 sunt
1627 3457 1705 3518 de
1761 3456 2030 3519 Asiatica
2078 3457 2349 3520 citharae
2406 3457 2669 3538 origine,
2739 3485 2740 3490 ¹

419 3561 550 3640 jam
593 3580 720 3622 non
765 3561 881 3623 erit
922 3581 1176 3642 prorsus
1220 3563 1284 3620 in
1328 3561 1617 3621 obscuro.
1703 3560 1969 3622 Omnino
2012 3560 2279 3630 Asianos
2326 3559 2669 3642 praecipue

425 3659 698 3722 citharae
742 3664 1049 3725 studuisse
1093 3672 1278 3743 atque
1321 3660 1445 3724 huc
1488 3663 1704 3726 referri
1748 3663 1976 3726 debere
2032 3663 2344 3728 Plutarch-i
2396 3663 2669 3726 dezfor—

428 3771 574 3825 tuna
615 3762 948 3826 Alexandri
993 3763 1194 3849 magni
1243 3766 1497 3828 dicentis
1540 3766 1751 3829 locum
1796 3767 2119 3849 quendam,
2156 3767 2291 3850 jam
2332 3765 2669 3827 Barnesius
2739 3769 2740 3810 ἶ

427 3867 748 3928 adnotavit
807 3867 889 3927 ad
957 3869 1336 3950 Euripidium
1406 3869 1593 3932 illud:
1671 3864 1985 3941 Ἀσιάδος
2050 3861 2338 3950 alanique
2411 3861 2671 3950 ψόφον,

429 3970 598 4050 quod
638 3969 860 4051 legitur
901 3969 1156 4052 Cycopl.
1200 3973 1302 4034 vs.
1338 3973 1482 4035 442.
1568 3972 1692 4035 Sed
1740 3993 1865 4034 non
1908 3971 2181 4033 omnium
2226 3969 2505 4032 citharae
2540 3993 2669 4054 ge-
2739 4053 2740 4056 Ἴ

424 4089 639 4134 nerum
685 4073 863 4157 origo
909 4074 1304 4154 repetebatur
1359 4095 1437 4136 ex
1478 4075 1645 4136 Asia.
1729 4075 1927 4156 Digna
1968 4075 2127 4136 haec
2168 4091 2271 4133 res
2316 4080 2443 4148 est,
2498 4097 2669 4157 quae
2739 4067 2740 4092 *

421 4174 632 4256 paullo
678 4177 1022 4238 accuratius
1078 4179 1431 4251 excutiatur,
1516 4180 1609 4238 De
1664 4177 1899 4240 cithara
1942 4197 2161 4258 agens,
2220 4197 2383 4260 quae
2426 4174 2669 4253 Ἀσιὰς

421 4276 792 4358 appellatur,
857 4277 909 4338 is
955 4278 1057 4357 qui
1099 4278 1595 4362 Etymologicum
1638 4296 1924 4362 magnum
1968 4282 2345 4362 composuit,
2402 4278 2461 4365 ἦ
2490 4284 2665 4364 τρί-
