2759 5084
46 773 50 926 Ι

133 1293 806 1460 Observantiae·
869 1399 1063 1486 erga
1127 1375 1255 1458 Te
1323 1405 1553 1461 meae
1622 1381 2002 1492 gratique
2074 1381 2161 1461 in
2223 1379 2348 1460 Te

130 1510 274 1590 mei
343 1487 708 1614 animi,'.²'
758 1509 887 1591 vir
963 1489 1288 1592 summe·
1360 1511 1878 1617 venerande,
1974 1521 2068 1594 ut
2144 1511 2350 1592 mihi

129 1637 398 1744 liceret
467 1639 738 1752 palam
807 1637 1150 1752 aliquod
1217 1641 1417 1722 dare
1486 1643 2101 1747 testimonium,
2170 1642 2352 1753 jam

46 1723 49 1794 ν
127 1771 433 1880 pridem
501 1781 696 1853 vota
769 1771 970 1853 feci.
1122 1771 1266 1852 Ad
1344 1800 1554 1882 quae
1628 1771 2023 1854 solvenda
2098 1802 2351 1884 quum

127 1931 245 1983 me
287 1905 484 1983 ante
533 1902 854 2013 aliquot
875 1929 1228 1986 =menses
1276 1902 1862 2011 accinxissem,
1925 1934 2092 2016 quo
2144 1914 2349 1985 tem-

125 2054 318 2142 pore*
369 2033 575 2114 Tibi
645 2033 866 2114 diem
927 2035 1283 2116 natalem
1341 2035 1947 2144 octogesimum
2012 2037 2353 2116 tertium

128 2164 533 2245 celebrare
587 2165 972 2276 contigit,
1043 2169 1586 2279 prohibebar,
1655 2169 2099 2281 quominus
2151 2196 2351 2248 con-

128 2295 382 2381 silium
426 2324 711 2392 meum·
742 2325 1300 2416 exsequerer-3
1346 2301 1637 2406 *Quod
1675 2303 1991 2387 invitus
2027 2299 2347 2404 distuli,

129 2455 276 2509 non
332 2426 644 2538 abjeci.
765 2427 1014 2512 Nunc
1073 2431 1350 2514 illuxit
1397 2433 1665 2514 laetus
1716 2433 1858 2517 ille
1901 2431 2117 2534 dies,
2180 2459 2349 2542 quo

129 2570 295 2641 ante
351 2561 514 2641 hos
574 2559 1172 2671 quinquaginta
1239 2590 1503 2644 annos
1564 2561 1864 2643 summi
1931 2560 2021 2640 in
2078 2559 2349 2671 philo-

129 2693 404 2802 sophia
468 2691 836 2772 honores
893 2693 982 2773 in
1043 2693 1215 2799 Te,
1295 2693 1479 2804 jam
1536 2692 1679 2774 diu
1745 2720 2087 2774 munere
2155 2720 2349 2804 pro-

46 2875 48 2918 ;
126 2821 470 2906 fessorio
535 2823 956 2928 functum,
1031 2834 1424 2936 tanquam
1480 2823 1757 2934 majus
1814 2821 2156 2936 aliquod
2215 2851 2349 2904 or-

127 2967 618 3054 namentum,
682 2956 966 3040 collati
1010 2966 1234 3046 sunt.
1353 2955 1491 3038 En
1534 2955 1859 3064 adsum,
1920 2958 2049 3042 vir
2096 2943 2350 3038 caris-

46 3171 49 3186 ,
127 3088 358 3196 sime3
425 3090 714 3201 accipe
766 3088 1168 3171 benevole
1211 3090 1374 3170 hoc
1419 3089 2032 3202 munusculum,
2094 3087 2350 3199 pusil-

46 3223 51 3432 5
125 3217 277 3301 lum
326 3218 542 3302 illud
603 3218 936 3331 quidem
997 3230 1082 3302 et
1137 3220 1276 3303 vix
1325 3221 1516 3303 Tuo
1575 3222 1912 3304 nomine
1969 3220 2347 3332 dignum,

125 3351 254 3432 sed
309 3352 844 3465 professione
915 3353 1249 3466 pietatis
1309 3351 1900 3434 excusandum.
2039 3350 2349 3434 Crede-

46 3533 48 3536 >
123 3485 294 3564 bam
352 3495 630 3565 autem
689 3484 815 3565 rei
872 3485 1282 3596 imprimis
1343 3513 1527 3566 esse
1578 3485 2118 3589 conveniens,
2178 3495 2350 3564 stu-

45 3543 51 3716 !
121 3611 440 3697 diorum
499 3644 877 3698 meorum
931 3618 1096 3700 tale
1151 3617 1350 3698 Tibi
1410 3617 1715 3698 offerre
1768 3616 2229 3728 specimen,
2305 3643 2353 3696 e

123 3775 271 3856 quo
323 3748 621 3854 simul,
692 3749 894 3861 quid
953 3780 1109 3861 ego
1169 3750 1255 3830 in
1315 3751 1472 3833 hac
1530 3751 1963 3832 literarum
2024 3749 2351 3831 univer-

46 3899 49 3982 5
122 3880 386 3988 sitate,
439 3881 577 3964 cui
619 3882 754 3962 Tu
801 3881 978 3963 fere
1023 3880 1468 3966 duodecim
1515 3913 1667 3995 per
1708 3883 1972 3964 lustra
2019 3880 2351 3992 egregie

122 4021 236 4116 et,
323 4011 507 4122 jam
581 4041 836 4096 senex
910 4017 1551 4125 octogenarius,
1640 4017 1928 4127 vigore
1993 4011 2351 4124 juvenili

46 4099 50 4290 ᾗ
122 4142 608 4226 consuluisti
631 4202 659 4249 ,
746 4144 1128 4230 docendo
1197 4148 1851 4260 praestitissem,
1945 4175 2049 4227 ex
2116 4152 2351 4256 parte

123 4275 448 4383 quidem
505 4305 800 4390 posses
861 4306 1234 4361 censere.
1373 4282 1591 4363 Tres
1644 4279 1867 4361 enim
1924 4277 2101 4358 fere
2160 4282 2354 4357 sunt
