2759 5084
982 195 1409 254 -.fl-..-

79 359 170 422 tio
213 359 460 440 quidem
532 379 646 440 per
701 379 770 422 se
812 361 964 424 satis
1008 361 1172 422 bene
1229 379 1421 440 posse
1474 360 1737 444 figurate
1780 361 2011 426 dictum
2054 380 2193 426 esse
2236 364 2315 426 de

81 463 250 545 gravi
293 470 356 526 et
394 463 594 526 fastus
636 461 825 545 plena
865 462 1198 526 incedendi
1237 462 1485 524 ratione
1528 462 1699 545 gallo
1756 463 2103 545 gallinaceo
2151 485 2313 546 pro-

77 565 242 645 pria,
287 582 474 646 quam
515 564 758 646 attingit
793 565 898 628 bic
939 572 1132 646 poeta
1175 565 1362 626 etiam
1403 566 1509 628 Vs.
1532 565 1661 628 486
1698 566 1897 629 verbo
1950 562 2311 651 διαβάσκει,

79 689 280 752 aeque
321 677 511 750 atque
571 687 688 732 nos
749 668 1040 734 Germani
1095 687 1236 731 cnm
1290 667 1491 751 figura
1550 669 1810 733 dicimus
1876 669 2020 732 «aut
2073 669 2319 734 Stelzen

79 775 356 856 gehen»;
401 779 462 835 et
495 790 722 836 censeo
769 769 1076 853 equidem,
1115 770 1292 832 illum
1321 770 1649 855 gradiendi
1688 771 1947 834 modum
1988 771 2169 834 simul
2202 791 2317 834 re-

75 873 274 938 latum
315 893 458 937 esse
501 875 582 936 ab
625 894 704 938 eo
723 923 740 952 ,
807 875 914 956 qui
957 875 1188 957 gallum
1229 875 1644 959 gallinaceum
1689 875 1940 958 agebat,
2008 875 2092 938 ad
2132 895 2319 958 quam

77 996 210 1038 rem
251 996 384 1039 non
447 977 656 1058 inepte
715 977 942 1058 aliquis
1007 977 1232 1040 dixerit
1294 985 1577 1060 spectare
1642 979 1963 1060 epitheton
2030 974 2317 1054 ἄτοπος;

75 1081 208 1157 sed,
252 1080 444 1142 etiam
473 1080 730 1162 proprio
769 1099 953 1144 sensu
993 1081 1362 1164 capiendum
1400 1099 1539 1144 esse
1570 1081 1943 1144 vocabulum
1976 1073 2319 1167 όριβάτης,

75 1192 142 1247 ut
185 1184 514 1246 credamus
533 1231 551 1261 ,
606 1184 710 1247 vel
773 1202 852 1246 ea
916 1184 1056 1247 sola
1123 1185 1335 1247 facere
1400 1184 1656 1259 debent,
1714 1199 1875 1265 quae
1915 1183 2131 1264 paullo
2175 1191 2319 1248 ante

79 1288 398 1350 attulimus
439 1286 726 1348 similiter
767 1287 952 1350 dicta.
1033 1288 1146 1350 Est
1185 1293 1393 1350 autem
1448 1305 1589 1349 cum
1628 1285 1755 1348 hoc
1812 1284 2090 1366 epitheto
2136 1305 2319 1350 com-

74 1391 440 1472 ponendum
482 1390 824 1453 arctissime
844 1437 862 1468 ,
928 1394 1100 1472 quod
1155 1391 1319 1454 infra
1376 1392 1482 1454 Vs.
1523 1390 1651 1454 836
1694 1388 1895 1471 gallus
1936 1387 2317 1472 gallinaceus

77 1494 307 1558 dicitur
347 1492 718 1578 ἐπιτήδειος
759 1496 960 1562 οἰκεῖν
999 1496 1110 1562 ἐπὶ
1153 1495 1439 1579 πετρῶν,
1480 1512 1643 1575 quae
1684 1493 1905 1569 verba,
1958 1512 1999 1556 a
2042 1494 2319 1556 Suever-

78 1600 222 1674 nio,
265 1597 309 1658 l.
353 1617 406 1661 c.
445 1617 509 1680 p.
544 1598 660 1676 63,
717 1597 884 1662 male
925 1597 1276 1674 intellecta,
1328 1605 1619 1678 respectu
1662 1598 1833 1680 ejus,
1877 1596 1985 1678 qui
2028 1596 2113 1658 ob
2158 1615 2319 1658 ocu-

77 1702 180 1763 los
224 1701 622 1778 versabatur,
664 1701 813 1785 galli
858 1700 1186 1783 gallinacei
1228 1699 1477 1782 prolata
1520 1720 1662 1762 esse
1680 1747 1695 1777 ,
1750 1700 1914 1762 infra
1974 1698 2161 1762 etiam
2204 1714 2321 1759 ac-

77 1803 356 1866 curatius
421 1800 706 1865 elucebit.
812 1802 1122 1884 Flagitant
1186 1809 1393 1864 autem
1461 1801 1647 1864 etiam
1706 1799 1896 1877 haec,
1970 1806 2039 1862 ut
2100 1815 2321 1862 vocem

75 1902 402 1990 ὀριβάτης
463 1905 879 1968 existimemus
920 1903 1174 1985 proprie
1219 1903 1442 1966 dictam
1488 1903 1569 1969 de
1622 1924 1731 1982 eo,
1800 1901 1917 1996 qui
1975 1901 2050 1965 in
2104 1910 2323 1966 monte

75 2006 344 2074 incedit.
429 2008 596 2084 Quid
637 2007 832 2070 multa
850 2011 880 2070 ‘t
963 2009 1102 2070 Non
1154 2015 1363 2089 potest
1416 2010 1549 2091 jam
1614 2005 1866 2069 dubium
1931 2023 2071 2066 esse
2088 2052 2107 2082 ,
2174 2007 2321 2087 quin

70 2106 360 2193 λόφωσις
414 2109 620 2174 avium
669 2110 1002 2173 referenda
1055 2110 1136 2172 sit
1189 2112 1272 2172 ad
1323 2110 1613 2173 sandalia
1664 2110 1957 2191 ipsarum.
2060 2111 2141 2172 Et
2178 2111 2321 2173 vide

63 2221 238 2302 jam,
291 2233 476 2298 quam
519 2217 764 2300 egregie
806 2216 966 2280 haec
1007 2217 1455 2298 interpretandi
1496 2215 1659 2280 ratio
1704 2213 1965 2296 quadret
2006 2213 2193 2277 etiam
2236 2212 2318 2275 ad

72 2347 196 2389 eos
238 2323 414 2384 locos
438 2367 454 2396 ,
511 2322 730 2402 quibus
789 2322 1161 2385 vocabulum
1203 2317 1409 2403 λόφος
1448 2322 1535 2382 ita
1576 2319 1846 2401 positum
1892 2325 2019 2392 est,
2062 2325 2161 2392 ut,
2204 2317 2319 2380 nisi

71 2428 369 2493 Comicus
413 2434 576 2490 esset
639 2426 1084 2508 Aristophanes
1105 2473 1121 2501 ,
1179 2424 1260 2486 de
1303 2423 1488 2487 crista
1530 2441 1658 2484 non
1700 2428 1915 2503 posset
1956 2438 2083 2481 non
2132 2439 2321 2482 usur-

69 2538 297 2611 patum
339 2549 494 2592 esse.
582 2531 704 2593 Sed
741 2528 990 2611 egregie
1027 2529 1172 2590 lusit
1202 2534 1393 2607 poeta
1426 2524 1854 2588 facetissimus.
1939 2521 2125 2597 Quod
2158 2519 2321 2584 enfin

70 2633 166 2693 ad
210 2633 314 2694 vs.
357 2633 480 2696 290
523 2634 776 2710 attinet,
813 2635 940 2716 jam
987 2632 1214 2714 liquet,
1259 2649 1445 2713 quam
1489 2638 1631 2713 apte
1672 2629 1933 2692 miretur
1970 2626 2321 2708 Euelpides,

69 2734 258 2816 quod
299 2737 718 2821 κατωφαγᾶς,
777 2735 830 2797 si
874 2734 1244 2820 Cleonymus
1275 2735 1386 2810 sit,
1440 2753 1567 2797 non
1610 2731 1911 2814 abjecerit
1950 2730 2322 2806 sandalium;

69 2838 289 2918 quod,
335 2859 522 2918 quum
566 2840 755 2902 altum
799 2847 994 2912 esset,
1053 2859 1204 2904 sane
1259 2844 1345 2904 ita
1390 2847 1524 2902 erat
1566 2844 1987 2919 comparatum
2008 2883 2024 2911 ,
2086 2842 2152 2899 ut
2191 2834 2321 2896 ho-

69 2941 314 3002 minem
385 2939 724 3020 prohibere
802 2940 1062 3004 deberet
1079 2989 1096 3017 ,
1181 2941 1507 3022 quominus
1576 2938 1699 3003 cito
1758 2946 2067 3012 curreret;
2153 2943 2215 3000 et
2270 2935 2325 2998 si

65 3041 500 3104 Pisthetaerus
572 3043 676 3104 Vs.
719 3043 844 3106 292
864 3092 881 3120 ,
967 3044 1250 3106 vocabuli
1327 3041 1610 3126 λόφωσις
1678 3042 2075 3124 ambignitate
2148 3046 2323 3102 utens

63 3147 166 3206 ad
207 3144 544 3226 jocandum
561 3194 578 3222 ,
621 3166 700 3208 ex
741 3148 956 3229 Upupa
1001 3147 1272 3227 quaerit,
1311 3146 1675 3208 venerintne
1720 3163 1865 3208 aves
1909 3144 1991 3207 ad
2034 3142 2323 3218 diaulum,

65 3267 216 3308 non
260 3248 489 3329 potnit,
535 3269 722 3330 quum
774 3269 868 3326 ea,
913 3270 1074 3332 quae
1109 3269 1258 3312 vere
1303 3257 1457 3324 erat,
1502 3246 1781 3330 λόφωσις
1819 3250 2023 3328 potius
2056 3245 2323 3308 maximo

57 3348 529 3429 impedimento
578 3371 716 3415 esse
747 3353 1009 3416 deberet
1039 3352 1443 3428 currentibuS,
1486 3371 1612 3413 non
1638 3349 1794 3422 fieri,
1840 3350 1985 3431 quin
2014 3349 2102 3409 ita
2131 3347 2325 3410 verba

61 3471 392 3516 summum
421 3474 656 3534 eorum,
701 3459 804 3537 qui
833 3457 1184 3534 audiebant,
1229 3457 1419 3518 risum
1458 3460 1800 3516 moverent.
1886 3449 2163 3514 Gessisse
2204 3465 2311 3508 au·-

59 3565 211 3618 tem
253 3556 520 3618 musicos
564 3557 630 3618 in
675 3577 862 3620 scena
906 3560 1102 3623 Attica
1140 3559 1362 3623 altiora
1407 3555 1715 3639 quaedam
1754 3551 2050 3626 sandalia,
2094 3558 2164 3614 ut
2200 3551 2327 3616 hoc

61 3667 228 3719 utar
261 3659 344 3719 ad
373 3669 632 3742 tempus,
677 3663 790 3724 etsi
818 3681 944 3724 non
969 3663 1274 3743 reperitur
1305 3667 1595 3724 testatum
1622 3657 1927 3739 expressis
1952 3655 2179 3732 verbis,
2220 3662 2327 3716 ta·-

59 3784 234 3828 men
273 3771 404 3830 tam
441 3783 558 3846 per
600 3783 670 3826 se
711 3783 836 3826 non
896 3770 992 3826 est
1033 3781 1162 3824 non
1206 3763 1563 3844 probabile,
1629 3777 1817 3842 quam
1866 3757 1989 3820 loci
2032 3758 2327 3820 exsistunt

53 3876 371 3933 veterum
416 3877 478 3930 et
519 3868 885 3950 scriptorum
929 3875 992 3932 et
1035 3867 1599 3950 grammaticorum,
1646 3883 1725 3926 ex
1767 3863 1986 3944 quibus
2034 3858 2325 3922 credibile

51 3971 219 4034 fiat.
299 3970 483 4044 Quod
513 3971 595 4033 ad
627 3972 972 4034 citharistas
1012 3971 1245 4048 attinet,
1291 3968 1459 4052 apud
1487 3967 1872 4050 Xiphilinum
1900 3961 2324 4047 cognoscimus

57 4077 405 4138 Neronem
441 4078 512 4140 ἐν
547 4075 632 4160 τῇ
658 4066 974 4162 ὀρχήστρᾳ
1008 4071 1298 4158 κιθάραν
1325 4078 1563 4160 ἔχοντα
1606 4073 1715 4137 καὶ
1754 4062 2194 4153 όρθοστάδιον
2220 4066 2325 4132 καὶ

55 4170 599 4260 κοθόρνους,
643 4180 808 4244 ποτὲ
853 4176 922 4242 δὲ
964 4169 1286 4261 ἐμβάδας,
1327 4175 1435 4241 καὶ
1478 4183 1917 4258 προςωπεῖσν,
1957 4176 2021 4233 et
2064 4169 2325 4233 cothur—

53 4300 209 4346 nos
256 4287 456 4361 gestat
494 4277 1084 4363 praestantissimum
1137 4275 1291 4342 illud
1347 4277 1644 4360 Apollinis
1702 4273 2048 4337 citharoedi
2090 4270 2327 4352 signum
