2759 5084
1043 199 1464 262 „59-

135 367 324 428 minus
369 366 981 431 certumviclebitnr.
1068 371 1304 431 'famen
1365 371 1677 454 conjicere
1718 371 1961 450 liceret,
2026 374 2371 440 etthan-tatas

135 469 230 529 vel
269 467 668 533 citharoedos
709 472 1046 534 secundum
1100 474 1533 554 Eristophanis
1575 474 1887 538 inventum
1932 495 2069 539 esse
2108 480 2371 558 primum

137 569 380 646 effictos,
423 573 702 634 tibicines
761 574 1101 638 secundum
1149 576 1304 637 talia
1347 576 1537 651 dicta,
1610 578 1792 658 quale
1864 586 1961 640 est
2012 580 2165 642 illu‘d
2204 581 2371 645 Ionis

132 672 292 750 Chii,
335 675 506 756 quod
549 695 738 758 supra
781 679 1420 741 commemoravimus.
1504 680 1631 742 Sed
1672 686 1871 763 neque
1912 682 2071 744 haec
2113 691 2371 746 senteu-

133 773 212 836 tia
253 777 336 853 ei,
381 777 488 857 qui
531 781 871 842 accuratius
913 781 978 840 in
1020 801 1154 842 rem
1194 781 1625 862 inquisiverit,
1662 801 1805 844 non·
1828 783 2137 846 videhitur
2179 785 2369 848 dnbi-

131 879 421 940 tatiouem
459 881 714 947 habere.
801 881 1164 958 Quaeritur,
1207 891 1415 944 utrum
1456 901 1674 945 omnes
1714 883 1863 946 illae
1902 884 2201 967 imagines
2243 904 2369 947 eo-

132 978 264 1040 dem
305 980 430 1043 siut
468 981 612 1044 loco
656 980 1030 1060 habendae,
1087 998 1168 1046 au
1211 985 1431 1046 minus.
1516 984 1703 1058 Quod
1730 979 2053 1066 -pesterius
2094 987 2148 1047 si
2192 987 2367 1048 affin-

127 1081 350 1144 matum
390 1083 605 1159 fuerit,
667 1103 787 1166 ego
831 1083 972 1146 illas
1031 1087 1421 1169 conjecturas
1484 1093 1653 1148 stare
1706 1087 2183 1168 posse-negabo
2226 1109 2366 1152 cum

125 1181 254 1245 aliis
299 1185 394 1246 de·
425 1186 664 1248 caussis
703 1194 832 1247 tum
875 1197 1132 1270 propter
1175 1190 1434 1262 stellam,
1480 1206 1641 1268 quae
1694 1189 1759 1250 in
1800 1188 2103 1252 nonnullis
2148 1209 2367 1254 exem-

121 1284 392 1363 pluribus
450 1289 626 1370 juxta
689 1287 862 1350 illam
921 1289 1182 1371 figuram
1245 1291 1636 1370 conspicitur.
1718 1290 1897 1352 Hanc
1954 1291 2201 1354 stellam
2240 1312 2368 1356 non

121 1409 254 1451 esse
297 1411 560 1454 cumea
601 1393 1126 1473 eomponendam,
1173 1411 1336 1475 quae
1378 1393 1647 1473 saepius'
1664 1393 1847 1474 juxta
1866 1393 2259 1476 ‚gallinaceos
2302 1398 2367 1458 iu

121 1493 312 1554 numia
361 1493 728 1574 quibusdam
787 1503 854 1556 et
910 1495 1048 1558 aliis
1095 1497 1246 1558 artis
1289 1495 1585 1576 operibus
1640 1495 1945 1558 invenitur
1983 1514 2367 1576 repraesen—

115 1599 272 1670 tata,
317 1594 570 1676 gallum·
593 1596 736 1674 illa,
793 1606 860 1661 ut
899 1599 1182 1675 videtur,
1228 1608 1415 1662 noctu
1461 1607 1523 1660 et
1562 1597 1765 1680 primo
1814 1616 1999 1662 mane
2042 1609 2365 1664 canentem

115 1695 439 1777 indigitaus
459 1746 474 1773 ,
515 1701 1053 1780 persuasissimum
1095 1704 1347 1778 habe03
1406 1701 1521 1762 sed
1584 1699 1774 1760 etiam
1832 1717 1975 1762 eam
2036 1702 2241 1781 potius
2287 1723 2365 1767 eo

117 1797 350 1860 ducere
383 1799 615 1863 debere
637 1849 652 1876 ,
717 1807 784 1864 ut
827 1803 1080 1865 Sirenas
1123 1801 1439 1864 masculos
1492 1802 1949 1880 repraesentari
1986 1801 2111 1863 illis
2153 1802 2363 1886 figuris

24 1931 26 1958 ;
117 1901 481 1966 arbitremur
501 1951 518 1981 ,
587 1904 1014 1970 demon-strare
1076 1925 1268 1987 posse
1342 1904 1495 1966 mihi
1566 1903 1803 1975 videor.
1914 1903 2147 1966 Verum
2202 1905 2360 1970 haec

115 2001 426 2068 hactems.
475 2041 558 2056 --
627 2010 764 2070 Jam
807 2009 1248 2072 transeundum
1291 2013 1389 2068 est
1430 2005 1523 2067 ad·
1553 2004 1645 2081 id,
1690 2012 1755 2068 ut
1796 2005 2177 2086 inquiramus
2197 2053 2214 2081 ,
2258 2006 2363 2087 qni

24 2123 26 2168 ῑ
113 2103 252 2182 fiat,
295 2115 382 2183 ut,
429 2127 618 2188 quum
659 2117 880 2172 tamen
921 2117 1050 2172 tres
1095 2109 1380 2174 tibicines
1422 2107 1561 2182 siut,
1606 2105 1653 2168 ii
1693 2126 1821 2171 non
1863 2108 2049 2170 simul
2090 2107 2189 2168 vel
2227 2127 2361 2189 po-

111 2207 230 2270 tius
278 2211 574 2272 continuo
609 2213 956 2292 prodeant,
1025 2212 1142 2274 sed
1181 2220 1514 2293 postquam
1554 2211 1787 2292 primus
1832 2211 2217 2274 orchestram
2256 2213 2363 2272 iu-

111 2331 362 2392 gressus
399 2321 514 2388 est,
551 2315 918 2376 interveniat
961 2315 1292 2376 citharista.
1376 2314 1475 2374 Ad
1511 2313 1671 2376 haec
1709 2315 1799 2374 ita
1838 2314 2047 2375 habeo
2088 2333 2363 2394 respou-

24 2441 27 2486 3
109 2411 280 2474 dere.
351 2414 589 2474 ‘Tibiae
649 2422 896 2475 cantum
939 2414 1322 2476 dominatum
1365 2431 1510 2475 esse
1549 2413 1614 2473 in
1655 2413 1903 2476 theatro
1946 2422 2161 2477 vetere
2196 2432 2362 2476 con·—

105 2521 251 2576 stat.
335 2517 504 2593 Ergo
559 2533 712 2576 vero
771 2524 864 2577 est
930 2515 1162 2590 simile,
1223 2535 1396 2591 enm,
1462 2517 1567 2595 qni
1620 2515 1855 2595 primas
1898 2523 2109 2595 partes
2154 2525 2365 2598 ageret

101 2617 278 2680 inter
315 2617 584 2679 musicos
631 2627 694 2680 et
727 2627 1092 2681 concentum
1137 2621 1435 2683 musicum
1476 2618 1923 2694 moderaretur,
1968 2653 2045 2667 --
2072 2637 2255 2700 quem
2298 2628 2365 2680 ut

102 2719 438 2800 plurimum
503 2723 689 2782 etiam
745 2723 972 2784 modos
1031 2723 1258 2786 fecisse
1321 2722 1653 2806 probabile
1708 2728 1833 2799 est,
1896 2753 1982 2769 —-
2046 2721 2361 2784 tibicinem

103 2821 318 2883 fuisse.
403 2821 583 2882 Hunc
639 2821 890 2886 duxisse
945 2842 1168 2905 agmen
1221 2826 1598 2886 musicorum
1616 2871 1635 2899 ‚
1698 2821 1799 2884 vel
1856 2841 1975 2902 per
2014 2841 2085 2883 se
2128 2831 2361 2886 certum

102 2922 304 2984 videri
345 2930 573 3004 potest.
677 2927 834 2988 Eam
889 2925 1076 3006 igitur
1115 2945 1449 3007 personam
1504 2927 1627 2987 hac
1682 2925 1747 2987 iu
1796 2925 2015 2986 fabula
2076 2923 2363 2986 sustinuit

24 3045 26 3048 ’
104 3023 654 3108 phoenicopterus.
739 3029 821 3088 Et
875 3028 1139 3090 observa
1160 3077 1175 3104 ‚
1233 3047 1419 3109 quam
1462 3029 1649 3090 etiam
1689 3028 1813 3090 hoc
1855 3026 2041 3090 fuerit
2081 3025 2166 3088 ad
2204 3025 2361 3088 ill-ud

107 3131 320 3205 aptum
344 3175 360 3202 ,
427 3131 598 3210 quod
637 3131 804 3192 hane
844 3149 1026 3192 avem
1077 3137 1312 3192 statura
1353 3149 1469 3193 sua
1508 3131 1781 3212 reliquas
1804 3179 1820 3208 ,
1880 3149 2045 3214 quae
2088 3127 2358 3192 musicos

106 3231 408 3312 agebant,
451 3230 640 3313 longe
682 3249 1044 3314 superasse,
1087 3232 1186 3292 vel
1227 3231 1404 3294 locus
1447 3232 1761 3294 Juvenalis
1804 3251 1993 3315 supra
2034 3252 2093 3313 p.
2132 3231 2215 3291 37
2258 3228 2361 3290 ei-

107 3341 278 3402 tatus
321 3340 639 3394 monstrat.
726 3333 954 3395 Contra
993 3331 1184 3412 vulgo
1249 3334 1493 3416 majore
1535 3335 1599 3395 in
1642 3333 2001 3414 dignatione
2045 3349 2229 3411 quam
2272 3330 2363 3391 ti·-

101 3433 346 3497 bicines
391 3441 570 3494 erant
604 3433 966 3496 citharistae
1011 3441 1072 3496 et
1112 3434 1409 3515 imprimis
1456 3433 1829 3506 citharoedi,
1872 3434 1961 3494 ita
2000 3440 2073 3494 ut
2110 3431 2359 3511 saepius

103 3535 471 3596 adnotatum
513 3535 894 3615 reperiamus
915 3581 930 3609 ,
987 3535 1148 3597 tales
1191 3536 1465 3598 musicos
1486 3583 1501 3612 ‚
1563 3535 1668 3615 qni
1728 3536 1811 3597 ad
1852 3537 2095 3619 majora
2138 3533 2361 3615 adspi-

100 3645 314 3698 rareut
351 3635 456 3700 vel
513 3635 724 3699 idonei
781 3642 992 3704 esseut
1012 3683 1028 3710 ‚
1091 3644 1160 3698 ut
1221 3639 1483 3722 Phrynis
1506 3685 1523 3714 ,
1589 3639 1669 3698 de
1712 3655 1839 3717 quo
1884 3636 1995 3698 cfr.
2036 3635 2235 3700 schol.
2276 3637 2360 3698 ad

97 3739 258 3798 Nub.
301 3739 410 3801 Vs.
451 3739 576 3801 96²7
623 3747 686 3801 et
727 3739 948 3801 Suidas
993 3757 1042 3799 s.
1087 3758 1142 3800 V.
1163 3784 1178 3813 ‚
1245 3759 1282 3800 e
1322 3739 1677 3802 tibicinibus
1720 3737 1921 3800 factos
1966 3757 2107 3802 esse
2149 3736 2360 3800 citha-

99 3840 359 3902 roedos.
467 3841 626 3904 Hinc
680 3841 924 3904 videtur
991 3839 1426 3920 explicandum
1449 3889 1463 3918 ,
1536 3841 1704 3922 quod
1768 3841 2147 3924 gallinaceus
2211 3847 2363 3919 post

89 3942 308 4020 ipsum
347 3943 907 4024 phoenicopterum
948 3942 1161 4024 prodit
1219 3943 1497 4004 secundo
1540 3943 1723 4021 loeo,
1784 3944 2125 4026 principem
2182 3941 2360 4006 illum

99 4042 360 4121 quidem
402 4045 734 4122 musicum,
800 4053 870 4108 ut
909 4063 1032 4126 par>
1075 4052 1240 4120 erat,
1304 4061 1569 4124 sequens
1589 4093 1606 4122 ‚
1666 4045 1781 4108 sed
1824 4043 2361 4106 secundarios.ti·-

97 4145 340 4208 bicines
409 4148 798 4210 antecedens.
883 4138 1168 4224 Accedit,
1231 4148 1402 4229 quod
1465 4165 1601 4209 eam
1654 4149 1857 4228 ipsam
1920 4146 2005 4206 ob
2060 4161 2361 4216 caussam,

102 4249 303 4328 quod*
324 4272 480 4314 unus
523 4260 760 4316 tantum
803 4261 900 4314 est
961 4253 1278 4316 citharista
1299 4301 1316 4329 ‚
1376 4251 1587 4332 plures
1654 4271 1807 4313 vero
1849 4249 2131 4312 tibicines
2176 4252 2363 4325 atque

1690 4364 1729 4423 5
