<?xml version="1.0" encoding="UTF-8"?>
<!DOCTYPE html PUBLIC "-//W3C//DTD XHTML 1.0 Transitional//EN"
    "http://www.w3.org/TR/xhtml1/DTD/xhtml1-transitional.dtd">
<html xmlns="http://www.w3.org/1999/xhtml" xml:lang="en" lang="en">
 <head>
  <title>
</title>
<meta http-equiv="Content-Type" content="text/html;charset=utf-8" />
  <meta name='ocr-system' content='tesseract 3.04.00' />
  <meta name='ocr-capabilities' content='ocr_page ocr_carea ocr_par ocr_line ocrx_word'/>
</head>
<body>
  <div class='ocr_page' id='page_1' title='image "./adversariainaea04wiesgoog_0077.png"; bbox 0 0 2759 5084; ppageno 0'>
   <div class='ocr_carea' id='block_1_1' title="bbox 1077 212 1492 275">
    <p class='ocr_par' dir='ltr' id='par_1_1' title="bbox 1077 212 1492 275">
     <span class='ocr_line' id='line_1_1' title="bbox 1077 212 1492 275; baseline 0.005 -14"><span class='ocrx_word' id='word_1_1' title='bbox 1077 212 1492 275; x_wconf 64' lang='lat'><strong>...63-</strong></span> 
     </span>
    </p>
   </div>
   <div class='ocr_carea' id='block_1_2' title="bbox 144 377 2399 4355">
    <p class='ocr_par' dir='ltr' id='par_1_2' title="bbox 144 377 2399 4355">
     <span class='ocr_line' id='line_1_2' title="bbox 162 377 2398 463; baseline 0.004 -22"><span class='ocrx_word' id='word_1_2' title='bbox 162 398 355 445; x_wconf 83' lang='lat' dir='ltr'><strong>scena</strong></span> <span class='ocrx_word' id='word_1_3' title='bbox 390 379 553 462; x_wconf 87' lang='lat' dir='ltr'><strong>pede</strong></span> <span class='ocrx_word' id='word_1_4' title='bbox 595 380 989 463; x_wconf 68' lang='lat' dir='ltr'><strong>pulsabatur,</strong></span> <span class='ocrx_word' id='word_1_5' title='bbox 1044 377 1190 441; x_wconf 82' lang='lat' dir='ltr'><strong>dnm</strong></span> <span class='ocrx_word' id='word_1_6' title='bbox 1232 396 1420 445; x_wconf 77' lang='lat' dir='ltr'><strong>manu</strong></span> <span class='ocrx_word' id='word_1_7' title='bbox 1461 386 1524 443; x_wconf 88' lang='lat' dir='ltr'><strong>et</strong></span> <span class='ocrx_word' id='word_1_8' title='bbox 1565 400 1678 444; x_wconf 88' lang='lat' dir='ltr'><strong>ore</strong></span> <span class='ocrx_word' id='word_1_9' title='bbox 1721 383 1930 449; x_wconf 84' lang='lat' dir='ltr'><strong>tibiam</strong></span> <span class='ocrx_word' id='word_1_10' title='bbox 1975 384 2246 449; x_wconf 79' lang='lat' dir='ltr'><strong>inflaret:</strong></span> <span class='ocrx_word' id='word_1_11' title='bbox 2303 388 2398 449; x_wconf 89' lang='lat' dir='ltr'><strong>si·-</strong></span> 
     </span>
     <span class='ocr_line' id='line_1_3' title="bbox 162 480 2399 567; baseline 0.003 -23"><span class='ocrx_word' id='word_1_12' title='bbox 162 483 307 545; x_wconf 76' lang='lat' dir='ltr'><strong>mile</strong></span> <span class='ocrx_word' id='word_1_13' title='bbox 350 500 547 564; x_wconf 80' lang='lat' dir='ltr'><strong>parvo</strong></span> <span class='ocrx_word' id='word_1_14' title='bbox 606 480 1261 563; x_wconf 70' lang='lat' dir='ltr'><strong>suppedaneuligneo</strong></span> <span class='ocrx_word' id='word_1_15' title='bbox 1326 500 1636 557; x_wconf 82' lang='lat' dir='ltr'><strong>concavo,</strong></span> <span class='ocrx_word' id='word_1_16' title='bbox 1701 486 1870 563; x_wconf 81' lang='lat' dir='ltr'><strong>quod</strong></span> <span class='ocrx_word' id='word_1_17' title='bbox 1923 486 2130 567; x_wconf 74' lang='lat' dir='ltr'><strong>lignea</strong></span> <span class='ocrx_word' id='word_1_18' title='bbox 2189 488 2399 549; x_wconf 85' lang='lat' dir='ltr'><strong>itidem</strong></span> 
     </span>
     <span class='ocr_line' id='line_1_4' title="bbox 156 582 2394 667; baseline 0.003 -22"><span class='ocrx_word' id='word_1_19' title='bbox 156 582 339 647; x_wconf 80' lang='lat' dir='ltr'><strong>solea</strong></span> <span class='ocrx_word' id='word_1_20' title='bbox 380 590 487 647; x_wconf 88' lang='lat' dir='ltr'><strong>aut</strong></span> <span class='ocrx_word' id='word_1_21' title='bbox 528 583 737 649; x_wconf 81' lang='lat' dir='ltr'><strong>ferrea</strong></span> <span class='ocrx_word' id='word_1_22' title='bbox 774 583 921 664; x_wconf 81' lang='lat' dir='ltr'><strong>pedi</strong></span> <span class='ocrx_word' id='word_1_23' title='bbox 962 583 1157 647; x_wconf 80' lang='lat' dir='ltr'><strong>indite</strong></span> <span class='ocrx_word' id='word_1_24' title='bbox 1198 584 1685 665; x_wconf 70' lang='lat' dir='ltr'>percutiebatur,</span> <span class='ocrx_word' id='word_1_25' title='bbox 1727 592 1796 649; x_wconf 88' lang='lat' dir='ltr'><strong>ut</strong></span> <span class='ocrx_word' id='word_1_26' title='bbox 1833 586 1966 651; x_wconf 83' lang='lat' dir='ltr'><strong>vult</strong></span> <span class='ocrx_word' id='word_1_27' title='bbox 2005 588 2187 651; x_wconf 86' lang='lat' dir='ltr'><strong>Salm.</strong></span> <span class='ocrx_word' id='word_1_28' title='bbox 2231 586 2394 667; x_wconf 85' lang='lat' dir='ltr'><strong>(loco</strong></span> 
     </span>
     <span class='ocr_line' id='line_1_5' title="bbox 160 686 2394 771; baseline 0 -21"><span class='ocrx_word' id='word_1_29' title='bbox 160 708 353 769; x_wconf 85' lang='lat' dir='ltr'><strong>supra</strong></span> <span class='ocrx_word' id='word_1_30' title='bbox 412 708 477 769; x_wconf 84' lang='lat' dir='ltr'><strong>p.</strong></span> <span class='ocrx_word' id='word_1_31' title='bbox 500 688 585 750; x_wconf 76' lang='lat'><strong>42</strong></span> <span class='ocrx_word' id='word_1_32' title='bbox 646 688 893 771; x_wconf 57' lang='lat' dir='ltr'><strong>citato),</strong></span> <span class='ocrx_word' id='word_1_33' title='bbox 950 686 1051 749; x_wconf 80' lang='lat' dir='ltr'><strong>vel</strong></span> <span class='ocrx_word' id='word_1_34' title='bbox 1090 686 1339 767; x_wconf 75' lang='lat' dir='ltr'>ligneae</span> <span class='ocrx_word' id='word_1_35' title='bbox 1399 688 1776 769; x_wconf 78' lang='lat' dir='ltr'><strong>sculponeae</strong></span> <span class='ocrx_word' id='word_1_36' title='bbox 1819 688 2026 752; x_wconf 80' lang='lat' dir='ltr'><strong>altiori</strong></span> <span class='ocrx_word' id='word_1_37' title='bbox 2085 696 2150 751; x_wconf 90' lang='lat' dir='ltr'><strong>et</strong></span> <span class='ocrx_word' id='word_1_38' title='bbox 2187 688 2394 764; x_wconf 85' lang='lat' dir='ltr'><strong>fissae,</strong></span> 
     </span>
     <span class='ocr_line' id='line_1_6' title="bbox 158 788 2394 871; baseline 0 -19"><span class='ocrx_word' id='word_1_39' title='bbox 158 806 321 869; x_wconf 80' lang='lat' dir='ltr'><strong>quae</strong></span> <span class='ocrx_word' id='word_1_40' title='bbox 362 789 699 871; x_wconf 74' lang='lat' dir='ltr'><strong>agitatione</strong></span> <span class='ocrx_word' id='word_1_41' title='bbox 740 797 821 851; x_wconf 84' lang='lat' dir='ltr'><strong>et=</strong></span> <span class='ocrx_word' id='word_1_42' title='bbox 842 789 984 853; x_wconf 89' lang='lat' dir='ltr'><strong>ictu.</strong></span> <span class='ocrx_word' id='word_1_43' title='bbox 1007 788 1183 869; x_wconf 85' lang='lat' dir='ltr'><strong>pedis</strong></span> <span class='ocrx_word' id='word_1_44' title='bbox 1226 791 1578 870; x_wconf 86' lang='lat' dir='ltr'><strong>strepebat,</strong></span> <span class='ocrx_word' id='word_1_45' title='bbox 1639 796 1706 853; x_wconf 90' lang='lat' dir='ltr'><strong>ut</strong></span> <span class='ocrx_word' id='word_1_46' title='bbox 1747 798 1843 855; x_wconf 90' lang='lat' dir='ltr'><strong>est</strong></span> <span class='ocrx_word' id='word_1_47' title='bbox 1881 791 1946 853; x_wconf 88' lang='lat' dir='ltr'><strong>in</strong></span> <span class='ocrx_word' id='word_1_48' title='bbox 1985 788 2188 871; x_wconf 79' lang='lat' dir='ltr'><strong>figura</strong></span> <span class='ocrx_word' id='word_1_49' title='bbox 2227 792 2394 871; x_wconf 87' lang='lat' dir='ltr'><strong>apud</strong></span> 
     </span>
     <span class='ocr_line' id='line_1_7' title="bbox 154 889 2390 975; baseline 0.001 -22"><span class='ocrx_word' id='word_1_50' title='bbox 154 890 687 953; x_wconf 79' lang='lat' dir='ltr'><strong>Montfauconium</strong></span> <span class='ocrx_word' id='word_1_51' title='bbox 748 889 891 975; x_wconf 73' lang='lat' dir='ltr'><strong>(tab.</strong></span> <span class='ocrx_word' id='word_1_52' title='bbox 934 890 1059 968; x_wconf 77' lang='lat' dir='ltr'><strong>CV,</strong></span> <span class='ocrx_word' id='word_1_53' title='bbox 1114 891 1199 953; x_wconf 78' lang='lat'><strong>36</strong></span> <span class='ocrx_word' id='word_1_54' title='bbox 1262 892 1359 953; x_wconf 90' lang='lat' dir='ltr'><strong>ed.</strong></span> <span class='ocrx_word' id='word_1_55' title='bbox 1423 890 1719 975; x_wconf 78' lang='lat' dir='ltr'><strong>Schatz.),</strong></span> <span class='ocrx_word' id='word_1_56' title='bbox 1793 892 2140 957; x_wconf 85' lang='lat' dir='ltr'><strong>Rubenium</strong></span> <span class='ocrx_word' id='word_1_57' title='bbox 2203 892 2282 953; x_wconf 91' lang='lat' dir='ltr'><strong>de</strong></span> <span class='ocrx_word' id='word_1_58' title='bbox 2322 912 2390 955; x_wconf 90' lang='lat' dir='ltr'><strong>re</strong></span> 
     </span>
     <span class='ocr_line' id='line_1_8' title="bbox 154 990 2388 1073; baseline 0.002 -20"><span class='ocrx_word' id='word_1_59' title='bbox 154 998 307 1053; x_wconf 84' lang='lat' dir='ltr'><strong>vest.</strong></span> <span class='ocrx_word' id='word_1_60' title='bbox 350 990 389 1053; x_wconf 89' lang='lat'><strong>1.</strong></span> <span class='ocrx_word' id='word_1_61' title='bbox 422 992 463 1055; x_wconf 88' lang='lat'>2</span> <span class='ocrx_word' id='word_1_62' title='bbox 508 1011 640 1073; x_wconf 85' lang='lat' dir='ltr'><strong>cap.</strong></span> <span class='ocrx_word' id='word_1_63' title='bbox 682 991 789 1055; x_wconf 84' lang='lat' dir='ltr'><strong>ult.</strong></span> <span class='ocrx_word' id='word_1_64' title='bbox 836 999 899 1055; x_wconf 91' lang='lat' dir='ltr'><strong>et</strong></span> <span class='ocrx_word' id='word_1_65' title='bbox 942 994 1131 1073; x_wconf 88' lang='lat' dir='ltr'><strong>Spon.</strong></span> <span class='ocrx_word' id='word_1_66' title='bbox 1173 990 1430 1056; x_wconf 84' lang='lat' dir='ltr'><strong>Miscell.</strong></span> <span class='ocrx_word' id='word_1_67' title='bbox 1477 1012 1528 1055; x_wconf 89' lang='lat' dir='ltr'><strong>c.</strong></span> <span class='ocrx_word' id='word_1_68' title='bbox 1553 993 1693 1057; x_wconf 80' lang='lat'><strong>21.»</strong></span> <span class='ocrx_word' id='word_1_69' title='bbox 1781 994 1920 1059; x_wconf 81' lang='lat' dir='ltr'><strong>Hoc</strong></span> <span class='ocrx_word' id='word_1_70' title='bbox 1961 1013 2112 1056; x_wconf 86' lang='lat' dir='ltr'><strong>vero</strong></span> <span class='ocrx_word' id='word_1_71' title='bbox 2153 996 2388 1057; x_wconf 83' lang='lat' dir='ltr'><strong>instru-</strong></span> 
     </span>
     <span class='ocr_line' id='line_1_9' title="bbox 156 1095 2392 1176; baseline 0.001 -19"><span class='ocrx_word' id='word_1_72' title='bbox 156 1100 431 1159; x_wconf 77' lang='lat' dir='ltr'><strong>mentum</strong></span> <span class='ocrx_word' id='word_1_73' title='bbox 500 1095 757 1160; x_wconf 80' lang='lat' dir='ltr'><strong>demum</strong></span> <span class='ocrx_word' id='word_1_74' title='bbox 802 1096 969 1176; x_wconf 86' lang='lat' dir='ltr'><strong>apud</strong></span> <span class='ocrx_word' id='word_1_75' title='bbox 1041 1098 1357 1161; x_wconf 83' lang='lat' dir='ltr'><strong>Romanos</strong></span> <span class='ocrx_word' id='word_1_76' title='bbox 1419 1098 1484 1159; x_wconf 90' lang='lat' dir='ltr'><strong>in</strong></span> <span class='ocrx_word' id='word_1_77' title='bbox 1561 1098 2066 1163; x_wconf 86' lang='lat' dir='ltr'><strong>consuetudinem</strong></span> <span class='ocrx_word' id='word_1_78' title='bbox 2135 1098 2392 1171; x_wconf 83' lang='lat' dir='ltr'><strong>venisse,</strong></span> 
     </span>
     <span class='ocr_line' id='line_1_10' title="bbox 152 1196 2392 1281; baseline -0.001 -22"><span class='ocrx_word' id='word_1_79' title='bbox 152 1213 341 1276; x_wconf 77' lang='lat' dir='ltr'><strong>quam</strong></span> <span class='ocrx_word' id='word_1_80' title='bbox 380 1196 693 1279; x_wconf 78' lang='lat' dir='ltr'><strong>vulgatam</strong></span> <span class='ocrx_word' id='word_1_81' title='bbox 752 1197 1151 1264; x_wconf 71' lang='lat' dir='ltr'><strong>sententiam.</strong></span> <span class='ocrx_word' id='word_1_82' title='bbox 1182 1198 1369 1262; x_wconf 86' lang='lat' dir='ltr'><strong>etiam</strong></span> <span class='ocrx_word' id='word_1_83' title='bbox 1425 1198 1836 1263; x_wconf 87' lang='lat' dir='ltr'><strong>Schneiderus</strong></span> <span class='ocrx_word' id='word_1_84' title='bbox 1907 1198 2228 1281; x_wconf 83' lang='lat' dir='ltr'><strong>professus</strong></span> <span class='ocrx_word' id='word_1_85' title='bbox 2297 1204 2392 1259; x_wconf 90' lang='lat' dir='ltr'><strong>est</strong></span> 
     </span>
     <span class='ocr_line' id='line_1_11' title="bbox 151 1299 2390 1385; baseline 0.003 -24"><span class='ocrx_word' id='word_1_86' title='bbox 151 1300 193 1361; x_wconf 90' lang='lat' dir='ltr'><strong>l.</strong></span> <span class='ocrx_word' id='word_1_87' title='bbox 234 1318 287 1361; x_wconf 87' lang='lat' dir='ltr'><strong>c.</strong></span> <span class='ocrx_word' id='word_1_88' title='bbox 348 1320 409 1380; x_wconf 88' lang='lat' dir='ltr'><strong>p.</strong></span> <span class='ocrx_word' id='word_1_89' title='bbox 454 1302 609 1375; x_wconf 71' lang='lat'><strong>104,</strong></span> <span class='ocrx_word' id='word_1_90' title='bbox 679 1302 1127 1365; x_wconf 83' lang='lat' dir='ltr'><strong>demonstrari..</strong></span> <span class='ocrx_word' id='word_1_91' title='bbox 1152 1304 1404 1367; x_wconf 84' lang='lat' dir='ltr'><strong>omnino</strong></span> <span class='ocrx_word' id='word_1_92' title='bbox 1465 1305 1696 1385; x_wconf 86' lang='lat' dir='ltr'><strong>nequit.</strong></span> <span class='ocrx_word' id='word_1_93' title='bbox 1778 1303 1932 1367; x_wconf 86' lang='lat' dir='ltr'><strong>Mihi</strong></span> <span class='ocrx_word' id='word_1_94' title='bbox 1987 1304 2190 1385; x_wconf 89' lang='lat' dir='ltr'><strong>potius</strong></span> <span class='ocrx_word' id='word_1_95' title='bbox 2252 1299 2390 1379; x_wconf 70' lang='lat' dir='ltr'><strong>plus</strong></span> 
     </span>
     <span class='ocr_line' id='line_1_12' title="bbox 153 1402 2388 1488; baseline -0.001 -25"><span class='ocrx_word' id='word_1_96' title='bbox 153 1418 344 1480; x_wconf 29' lang='lat' dir='ltr'><strong>quam&lt;</strong></span> <span class='ocrx_word' id='word_1_97' title='bbox 395 1402 727 1483; x_wconf 76' lang='lat' dir='ltr'><strong>probabile</strong></span> <span class='ocrx_word' id='word_1_98' title='bbox 794 1404 1036 1467; x_wconf 81' lang='lat' dir='ltr'><strong>videtur</strong></span> <span class='ocrx_word' id='word_1_99' title='bbox 1094 1424 1260 1481; x_wconf 87' lang='lat' dir='ltr'><strong>esse,</strong></span> <span class='ocrx_word' id='word_1_100' title='bbox 1320 1407 1452 1488; x_wconf 84' lang='lat' dir='ltr'><strong>jam</strong></span> <span class='ocrx_word' id='word_1_101' title='bbox 1507 1407 1676 1488; x_wconf 88' lang='lat' dir='ltr'><strong>apud</strong></span> <span class='ocrx_word' id='word_1_102' title='bbox 1739 1406 2010 1469; x_wconf 84' lang='lat' dir='ltr'><strong>Graecos</strong></span> <span class='ocrx_word' id='word_1_103' title='bbox 2069 1402 2388 1467; x_wconf 76' lang='lat' dir='ltr'><strong>exstitisse.</strong></span> 
     </span>
     <span class='ocr_line' id='line_1_13' title="bbox 155 1502 2387 1590; baseline 0 -26"><span class='ocrx_word' id='word_1_104' title='bbox 155 1502 409 1583; x_wconf 75' lang='lat' dir='ltr'><strong>Signum</strong></span> <span class='ocrx_word' id='word_1_105' title='bbox 446 1503 601 1568; x_wconf 90' lang='lat' dir='ltr'><strong>illud</strong></span> <span class='ocrx_word' id='word_1_106' title='bbox 640 1505 845 1589; x_wconf 79' lang='lat' dir='ltr'><strong>Satyri</strong></span> <span class='ocrx_word' id='word_1_107' title='bbox 884 1506 1307 1571; x_wconf 77' lang='lat' dir='ltr'><strong>Florentinum</strong></span> <span class='ocrx_word' id='word_1_108' title='bbox 1350 1509 1652 1571; x_wconf 86' lang='lat' dir='ltr'><strong>Henricus</strong></span> <span class='ocrx_word' id='word_1_109' title='bbox 1703 1509 1990 1590; x_wconf 78' lang='lat' dir='ltr'><strong>Meyerus</strong></span> <span class='ocrx_word' id='word_1_110' title='bbox 2047 1506 2222 1580; x_wconf 89' lang='lat' dir='ltr'><strong>libri,</strong></span> <span class='ocrx_word' id='word_1_111' title='bbox 2281 1504 2387 1584; x_wconf 83' lang='lat' dir='ltr'><strong>qui</strong></span> 
     </span>
     <span class='ocr_line' id='line_1_14' title="bbox 152 1604 2384 1673; baseline 0 -8"><span class='ocrx_word' id='word_1_112' title='bbox 152 1604 509 1671; x_wconf 77' lang='lat' dir='ltr'><strong>inscribitur</strong></span> <span class='ocrx_word' id='word_1_113' title='bbox 574 1608 979 1671; x_wconf 84' lang='lat' dir='ltr'><strong>»Geschichte</strong></span> <span class='ocrx_word' id='word_1_114' title='bbox 1046 1610 1158 1671; x_wconf 88' lang='lat' dir='ltr'><strong>der</strong></span> <span class='ocrx_word' id='word_1_115' title='bbox 1197 1610 1532 1673; x_wconf 87' lang='lat' dir='ltr'><strong>hildenden</strong></span> <span class='ocrx_word' id='word_1_116' title='bbox 1571 1612 1810 1673; x_wconf 82' lang='lat' dir='ltr'><strong>Kiinste</strong></span> <span class='ocrx_word' id='word_1_117' title='bbox 1853 1608 1958 1671; x_wconf 88' lang='lat' dir='ltr'><strong>bei</strong></span> <span class='ocrx_word' id='word_1_118' title='bbox 2021 1610 2142 1671; x_wconf 87' lang='lat' dir='ltr'><strong>den</strong></span> <span class='ocrx_word' id='word_1_119' title='bbox 2199 1606 2384 1671; x_wconf 81' lang='lat' dir='ltr'><strong>Gric-</strong></span> 
     </span>
     <span class='ocr_line' id='line_1_15' title="bbox 154 1706 2388 1793; baseline 0.001 -26"><span class='ocrx_word' id='word_1_120' title='bbox 154 1706 329 1773; x_wconf 79' lang='lat' dir='ltr'><strong>chen,</strong></span> <span class='ocrx_word' id='word_1_121' title='bbox 378 1708 503 1770; x_wconf 90' lang='lat' dir='ltr'><strong>und</strong></span> <span class='ocrx_word' id='word_1_122' title='bbox 563 1710 908 1786; x_wconf 68' lang='lat' dir='ltr'><strong>Remern»,</strong></span> <span class='ocrx_word' id='word_1_123' title='bbox 972 1713 1147 1772; x_wconf 88' lang='lat' dir='ltr'><strong>Tom.</strong></span> <span class='ocrx_word' id='word_1_124' title='bbox 1180 1710 1277 1785; x_wconf 82' lang='lat'><strong>111,</strong></span> <span class='ocrx_word' id='word_1_125' title='bbox 1339 1730 1402 1791; x_wconf 92' lang='lat' dir='ltr'><strong>p.</strong></span> <span class='ocrx_word' id='word_1_126' title='bbox 1441 1712 1521 1774; x_wconf 87' lang='grc'><strong>81</strong></span> <span class='ocrx_word' id='word_1_127' title='bbox 1579 1712 1878 1791; x_wconf 87' lang='lat' dir='ltr'><strong>temporis</strong></span> <span class='ocrx_word' id='word_1_128' title='bbox 1921 1710 2152 1793; x_wconf 84' lang='lat' dir='ltr'><strong>spatio,</strong></span> <span class='ocrx_word' id='word_1_129' title='bbox 2217 1709 2388 1790; x_wconf 87' lang='lat' dir='ltr'><strong>quod</strong></span> 
     </span>
     <span class='ocr_line' id='line_1_16' title="bbox 152 1808 2386 1895; baseline 0 -24"><span class='ocrx_word' id='word_1_130' title='bbox 152 1808 429 1871; x_wconf 84' lang='lat' dir='ltr'><strong>medium</strong></span> <span class='ocrx_word' id='word_1_131' title='bbox 470 1816 567 1873; x_wconf 88' lang='lat' dir='ltr'><strong>est</strong></span> <span class='ocrx_word' id='word_1_132' title='bbox 604 1811 764 1873; x_wconf 88' lang='lat' dir='ltr'><strong>inter</strong></span> <span class='ocrx_word' id='word_1_133' title='bbox 804 1811 1139 1875; x_wconf 77' lang='lat' dir='ltr'><strong>Alexandri</strong></span> <span class='ocrx_word' id='word_1_134' title='bbox 1182 1812 1390 1893; x_wconf 80' lang='lat' dir='ltr'><strong>Magni</strong></span> <span class='ocrx_word' id='word_1_135' title='bbox 1419 1819 1480 1874; x_wconf 89' lang='lat' dir='ltr'><strong>et</strong></span> <span class='ocrx_word' id='word_1_136' title='bbox 1519 1813 1774 1895; x_wconf 81' lang='lat' dir='ltr'><strong>Augusti</strong></span> <span class='ocrx_word' id='word_1_137' title='bbox 1815 1820 2112 1892; x_wconf 86' lang='lat' dir='ltr'><strong>tempora,</strong></span> <span class='ocrx_word' id='word_1_138' title='bbox 2157 1810 2386 1873; x_wconf 85' lang='lat' dir='ltr'><strong>elabo-</strong></span> 
     </span>
     <span class='ocr_line' id='line_1_17' title="bbox 150 1912 2384 1996; baseline 0 -24"><span class='ocrx_word' id='word_1_139' title='bbox 150 1918 353 1973; x_wconf 87' lang='lat' dir='ltr'><strong>ratum</strong></span> <span class='ocrx_word' id='word_1_140' title='bbox 394 1930 533 1973; x_wconf 89' lang='lat' dir='ltr'><strong>esse</strong></span> <span class='ocrx_word' id='word_1_141' title='bbox 576 1919 803 1977; x_wconf 86' lang='lat' dir='ltr'><strong>censet.</strong></span> <span class='ocrx_word' id='word_1_142' title='bbox 886 1913 1217 1986; x_wconf 77' lang='lat' dir='ltr'><strong>Quaeritur</strong></span> <span class='ocrx_word' id='word_1_143' title='bbox 1252 1914 1676 1977; x_wconf 86' lang='lat' dir='ltr'><strong>tantummodo</strong></span> <span class='ocrx_word' id='word_1_144' title='bbox 1693 1960 1710 1989; x_wconf 96' lang='lat'><strong>,</strong></span> <span class='ocrx_word' id='word_1_145' title='bbox 1753 1934 1900 1977; x_wconf 88' lang='lat' dir='ltr'><strong>num</strong></span> <span class='ocrx_word' id='word_1_146' title='bbox 1931 1914 2062 1996; x_wconf 86' lang='lat' dir='ltr'><strong>jam</strong></span> <span class='ocrx_word' id='word_1_147' title='bbox 2101 1913 2166 1975; x_wconf 91' lang='lat' dir='ltr'><strong>in</strong></span> <span class='ocrx_word' id='word_1_148' title='bbox 2196 1912 2384 1975; x_wconf 82' lang='lat' dir='ltr'><strong>thea-</strong></span> 
     </span>
     <span class='ocr_line' id='line_1_18' title="bbox 148 2012 2382 2096; baseline -0 -21"><span class='ocrx_word' id='word_1_149' title='bbox 148 2020 251 2075; x_wconf 89' lang='lat' dir='ltr'><strong>tro</strong></span> <span class='ocrx_word' id='word_1_150' title='bbox 292 2012 491 2077; x_wconf 82' lang='lat' dir='ltr'><strong>Attico</strong></span> <span class='ocrx_word' id='word_1_151' title='bbox 550 2019 615 2075; x_wconf 90' lang='lat' dir='ltr'><strong>et</strong></span> <span class='ocrx_word' id='word_1_152' title='bbox 674 2012 1103 2096; x_wconf 76' lang='lat' dir='ltr'><strong>Aristophanis</strong></span> <span class='ocrx_word' id='word_1_153' title='bbox 1155 2014 1537 2096; x_wconf 81' lang='lat' dir='ltr'><strong>temporibus</strong></span> <span class='ocrx_word' id='word_1_154' title='bbox 1602 2014 1788 2077; x_wconf 80' lang='lat' dir='ltr'><strong>fuerit</strong></span> <span class='ocrx_word' id='word_1_155' title='bbox 1827 2021 2204 2095; x_wconf 87' lang='lat' dir='ltr'><strong>usurpatum.</strong></span> <span class='ocrx_word' id='word_1_156' title='bbox 2287 2015 2382 2075; x_wconf 89' lang='lat' dir='ltr'><strong>De</strong></span> 
     </span>
     <span class='ocr_line' id='line_1_19' title="bbox 150 2116 2382 2201; baseline -0.001 -22"><span class='ocrx_word' id='word_1_157' title='bbox 150 2132 277 2197; x_wconf 85' lang='lat' dir='ltr'><strong>qua</strong></span> <span class='ocrx_word' id='word_1_158' title='bbox 316 2134 387 2177; x_wconf 91' lang='lat' dir='ltr'><strong>re</strong></span> <span class='ocrx_word' id='word_1_159' title='bbox 427 2116 573 2197; x_wconf 80' lang='lat' dir='ltr'><strong>quia</strong></span> <span class='ocrx_word' id='word_1_160' title='bbox 612 2116 767 2183; x_wconf 84' lang='lat' dir='ltr'><strong>nihil</strong></span> <span class='ocrx_word' id='word_1_161' title='bbox 810 2124 906 2180; x_wconf 86' lang='lat' dir='ltr'><strong>est</strong></span> <span class='ocrx_word' id='word_1_162' title='bbox 945 2120 1283 2183; x_wconf 83' lang='lat' dir='ltr'><strong>memoriae</strong></span> <span class='ocrx_word' id='word_1_163' title='bbox 1322 2119 1634 2201; x_wconf 88' lang='lat' dir='ltr'><strong>proditum</strong></span> <span class='ocrx_word' id='word_1_164' title='bbox 1678 2118 1758 2181; x_wconf 88' lang='lat' dir='ltr'><strong>ab</strong></span> <span class='ocrx_word' id='word_1_165' title='bbox 1801 2116 1938 2179; x_wconf 88' lang='lat' dir='ltr'><strong>aliis</strong></span> <span class='ocrx_word' id='word_1_166' title='bbox 1979 2116 2382 2197; x_wconf 77' lang='lat' dir='ltr'><strong>scriptoribus</strong></span> 
     </span>
     <span class='ocr_line' id='line_1_20' title="bbox 146 2217 2383 2303; baseline -0 -23"><span class='ocrx_word' id='word_1_167' title='bbox 146 2219 457 2283; x_wconf 83' lang='lat' dir='ltr'><strong>veteribus</strong></span> <span class='ocrx_word' id='word_1_168' title='bbox 479 2266 496 2295; x_wconf 96' lang='lat'><strong>,</strong></span> <span class='ocrx_word' id='word_1_169' title='bbox 528 2226 755 2296; x_wconf 78' lang='lat' dir='ltr'><strong>restat,</strong></span> <span class='ocrx_word' id='word_1_170' title='bbox 811 2230 879 2283; x_wconf 89' lang='lat' dir='ltr'><strong>ut</strong></span> <span class='ocrx_word' id='word_1_171' title='bbox 906 2224 1255 2291; x_wconf 58' lang='lat' dir='ltr'><strong>²accuratius</strong></span> <span class='ocrx_word' id='word_1_172' title='bbox 1300 2222 1884 2302; x_wconf 80' lang='lat' dir='ltr'><strong>circumspiciamus,</strong></span> <span class='ocrx_word' id='word_1_173' title='bbox 1939 2222 2214 2303; x_wconf 88' lang='lat' dir='ltr'><strong>possitne</strong></span> <span class='ocrx_word' id='word_1_174' title='bbox 2257 2217 2383 2279; x_wconf 90' lang='lat' dir='ltr'><strong>ali-</strong></span> 
     </span>
     <span class='ocr_line' id='line_1_21' title="bbox 150 2319 2382 2407; baseline 0.002 -26"><span class='ocrx_word' id='word_1_175' title='bbox 150 2319 305 2400; x_wconf 84' lang='lat' dir='ltr'><strong>quid</strong></span> <span class='ocrx_word' id='word_1_176' title='bbox 344 2339 422 2384; x_wconf 86' lang='lat' dir='ltr'><strong>ex</strong></span> <span class='ocrx_word' id='word_1_177' title='bbox 454 2322 605 2403; x_wconf 86' lang='lat' dir='ltr'><strong>ipsis</strong></span> <span class='ocrx_word' id='word_1_178' title='bbox 644 2326 827 2407; x_wconf 76' lang='lat' dir='ltr'><strong>hujus</strong></span> <span class='ocrx_word' id='word_1_179' title='bbox 863 2332 1091 2405; x_wconf 85' lang='lat' dir='ltr'><strong>poetae</strong></span> <span class='ocrx_word' id='word_1_180' title='bbox 1133 2319 1338 2389; x_wconf 65' lang='lat' dir='ltr'><strong>&#39;verbis</strong></span> <span class='ocrx_word' id='word_1_181' title='bbox 1383 2326 1560 2387; x_wconf 89' lang='lat' dir='ltr'><strong>effici.</strong></span> <span class='ocrx_word' id='word_1_182' title='bbox 1641 2326 1722 2385; x_wconf 92' lang='lat' dir='ltr'><strong>Et</strong></span> <span class='ocrx_word' id='word_1_183' title='bbox 1760 2324 2046 2404; x_wconf 77' lang='lat' dir='ltr'><strong>profecto</strong></span> <span class='ocrx_word' id='word_1_184' title='bbox 2073 2324 2216 2405; x_wconf 86' lang='lat' dir='ltr'><strong>jure</strong></span> <span class='ocrx_word' id='word_1_185' title='bbox 2254 2322 2382 2385; x_wconf 73' lang='lat' dir='ltr'><strong>sni·</strong></span> 
     </span>
     <span class='ocr_line' id='line_1_22' title="bbox 146 2424 2382 2507; baseline 0 -22"><span class='ocrx_word' id='word_1_186' title='bbox 146 2444 289 2485; x_wconf 84' lang='lat' dir='ltr'><strong>rum</strong></span> <span class='ocrx_word' id='word_1_187' title='bbox 343 2424 543 2487; x_wconf 81' lang='lat' dir='ltr'><strong>videri</strong></span> <span class='ocrx_word' id='word_1_188' title='bbox 599 2432 836 2504; x_wconf 86' lang='lat' dir='ltr'><strong>potest,</strong></span> <span class='ocrx_word' id='word_1_189' title='bbox 898 2425 1084 2505; x_wconf 82' lang='lat' dir='ltr'><strong>quod,</strong></span> <span class='ocrx_word' id='word_1_190' title='bbox 1152 2427 1259 2487; x_wconf 89' lang='lat' dir='ltr'><strong>ubi</strong></span> <span class='ocrx_word' id='word_1_191' title='bbox 1314 2426 1398 2489; x_wconf 89' lang='lat' dir='ltr'><strong>de</strong></span> <span class='ocrx_word' id='word_1_192' title='bbox 1439 2424 1696 2507; x_wconf 82' lang='lat' dir='ltr'><strong>singulis</strong></span> <span class='ocrx_word' id='word_1_193' title='bbox 1754 2426 1966 2487; x_wconf 88' lang='lat' dir='ltr'><strong>avibus</strong></span> <span class='ocrx_word' id='word_1_194' title='bbox 2019 2442 2228 2487; x_wconf 86' lang='lat' dir='ltr'><strong>sermo</strong></span> <span class='ocrx_word' id='word_1_195' title='bbox 2271 2430 2382 2499; x_wconf 90' lang='lat' dir='ltr'><strong>est,</strong></span> 
     </span>
     <span class='ocr_line' id='line_1_23' title="bbox 145 2522 2380 2609; baseline -0.001 -21"><span class='ocrx_word' id='word_1_196' title='bbox 145 2525 377 2609; x_wconf 79' lang='lat' dir='ltr'><strong>singuli</strong></span> <span class='ocrx_word' id='word_1_197' title='bbox 434 2532 671 2588; x_wconf 87' lang='lat' dir='ltr'><strong>tantum</strong></span> <span class='ocrx_word' id='word_1_198' title='bbox 728 2533 1287 2589; x_wconf 80' lang='lat' dir='ltr'><strong>commemorantur</strong></span> <span class='ocrx_word' id='word_1_199' title='bbox 1342 2522 1570 2609; x_wconf 80' lang='grc' dir='ltr'><strong><em>λόφοι,</em></strong></span> <span class='ocrx_word' id='word_1_200' title='bbox 1639 2525 1764 2587; x_wconf 77' lang='lat' dir='ltr'><strong>vid.</strong></span> <span class='ocrx_word' id='word_1_201' title='bbox 1818 2526 1926 2587; x_wconf 87' lang='lat' dir='ltr'><strong>Vs.</strong></span> <span class='ocrx_word' id='word_1_202' title='bbox 1971 2524 2096 2587; x_wconf 81' lang='lat'><strong>279</strong></span> <span class='ocrx_word' id='word_1_203' title='bbox 2153 2529 2216 2587; x_wconf 87' lang='lat' dir='ltr'><strong>et</strong></span> <span class='ocrx_word' id='word_1_204' title='bbox 2275 2524 2380 2585; x_wconf 77' lang='lat' dir='ltr'><strong>Vs.</strong></span> 
     </span>
     <span class='ocr_line' id='line_1_24' title="bbox 148 2624 2382 2711; baseline -0.002 -19"><span class='ocrx_word' id='word_1_205' title='bbox 148 2631 313 2707; x_wconf 83' lang='lat'><strong>290,</strong></span> <span class='ocrx_word' id='word_1_206' title='bbox 358 2628 524 2709; x_wconf 86' lang='lat' dir='ltr'><strong>quod</strong></span> <span class='ocrx_word' id='word_1_207' title='bbox 564 2628 931 2695; x_wconf 82' lang='lat' dir='ltr'><strong>vocabulum</strong></span> <span class='ocrx_word' id='word_1_208' title='bbox 976 2650 1159 2711; x_wconf 84' lang='lat' dir='ltr'><strong>quum</strong></span> <span class='ocrx_word' id='word_1_209' title='bbox 1204 2631 1285 2693; x_wconf 88' lang='lat' dir='ltr'><strong>ad</strong></span> <span class='ocrx_word' id='word_1_210' title='bbox 1327 2630 1532 2693; x_wconf 86' lang='lat' dir='ltr'><strong>soleas</strong></span> <span class='ocrx_word' id='word_1_211' title='bbox 1591 2627 1988 2691; x_wconf 81' lang='lat' dir='ltr'><strong>referendum</strong></span> <span class='ocrx_word' id='word_1_212' title='bbox 2031 2644 2192 2699; x_wconf 83' lang='lat' dir='ltr'><strong>esse,</strong></span> <span class='ocrx_word' id='word_1_213' title='bbox 2237 2624 2382 2706; x_wconf 84' lang='lat' dir='ltr'><strong>qui-</strong></span> 
     </span>
     <span class='ocr_line' id='line_1_25' title="bbox 144 2730 2382 2816; baseline -0.004 -19"><span class='ocrx_word' id='word_1_214' title='bbox 144 2736 265 2797; x_wconf 82' lang='lat' dir='ltr'><strong>bus</strong></span> <span class='ocrx_word' id='word_1_215' title='bbox 322 2732 697 2795; x_wconf 86' lang='lat' dir='ltr'><strong>incedebant-</strong></span> <span class='ocrx_word' id='word_1_216' title='bbox 750 2733 1000 2809; x_wconf 87' lang='lat' dir='ltr'><strong>musici,</strong></span> <span class='ocrx_word' id='word_1_217' title='bbox 1069 2753 1257 2816; x_wconf 85' lang='lat' dir='ltr'><strong>supra</strong></span> <span class='ocrx_word' id='word_1_218' title='bbox 1314 2732 1794 2809; x_wconf 87' lang='lat' dir='ltr'><strong>ostenderimus,</strong></span> <span class='ocrx_word' id='word_1_219' title='bbox 1854 2731 1920 2791; x_wconf 90' lang='lat' dir='ltr'><strong>in</strong></span> <span class='ocrx_word' id='word_1_220' title='bbox 1987 2730 2246 2812; x_wconf 86' lang='lat' dir='ltr'><strong>proclivi</strong></span> <span class='ocrx_word' id='word_1_221' title='bbox 2289 2736 2382 2791; x_wconf 86' lang='lat' dir='ltr'><strong>est</strong></span> 
     </span>
     <span class='ocr_line' id='line_1_26' title="bbox 150 2832 2382 2918; baseline -0.002 -21"><span class='ocrx_word' id='word_1_222' title='bbox 150 2836 441 2911; x_wconf 86' lang='lat' dir='ltr'><strong>credere,</strong></span> <span class='ocrx_word' id='word_1_223' title='bbox 496 2834 767 2917; x_wconf 80' lang='lat' dir='ltr'><strong>singulos</strong></span> <span class='ocrx_word' id='word_1_224' title='bbox 824 2843 1099 2917; x_wconf 79' lang='lat' dir='ltr'><strong>gestasse</strong></span> <span class='ocrx_word' id='word_1_225' title='bbox 1152 2836 1420 2918; x_wconf 80' lang='lat' dir='ltr'><strong>singulas</strong></span> <span class='ocrx_word' id='word_1_226' title='bbox 1466 2835 1714 2900; x_wconf 84' lang='lat' dir='ltr'><strong>altiores</strong></span> <span class='ocrx_word' id='word_1_227' title='bbox 1773 2832 2002 2895; x_wconf 88' lang='lat' dir='ltr'><strong>soleas.</strong></span> <span class='ocrx_word' id='word_1_228' title='bbox 2082 2833 2163 2895; x_wconf 87' lang='lat' dir='ltr'><strong>At</strong></span> <span class='ocrx_word' id='word_1_229' title='bbox 2219 2832 2382 2893; x_wconf 85' lang='lat' dir='ltr'><strong>enim</strong></span> 
     </span>
     <span class='ocr_line' id='line_1_27' title="bbox 148 2932 2380 3021; baseline -0.002 -21"><span class='ocrx_word' id='word_1_230' title='bbox 148 2939 373 3019; x_wconf 84' lang='lat' dir='ltr'><strong>aliquis</strong></span> <span class='ocrx_word' id='word_1_231' title='bbox 434 2938 727 3021; x_wconf 74' lang='lat' dir='ltr'><strong>objiciat,</strong></span> <span class='ocrx_word' id='word_1_232' title='bbox 784 2939 1015 3019; x_wconf 82' lang='lat' dir='ltr'><strong>gallum</strong></span> <span class='ocrx_word' id='word_1_233' title='bbox 1072 2947 1241 3003; x_wconf 88' lang='lat' dir='ltr'><strong>certe</strong></span> <span class='ocrx_word' id='word_1_234' title='bbox 1282 2939 1692 3021; x_wconf 80' lang='lat' dir='ltr'><strong>gallinaceum</strong></span> <span class='ocrx_word' id='word_1_235' title='bbox 1749 2938 1812 2999; x_wconf 88' lang='lat' dir='ltr'><strong>in</strong></span> <span class='ocrx_word' id='word_1_236' title='bbox 1867 2934 2104 2997; x_wconf 87' lang='lat' dir='ltr'><strong>duabus</strong></span> <span class='ocrx_word' id='word_1_237' title='bbox 2168 2932 2380 2995; x_wconf 89' lang='lat' dir='ltr'><strong>inces-</strong></span> 
     </span>
     <span class='ocr_line' id='line_1_28' title="bbox 148 3037 2382 3124; baseline -0.001 -20"><span class='ocrx_word' id='word_1_238' title='bbox 148 3042 337 3118; x_wconf 88' lang='lat' dir='ltr'><strong>sisse,</strong></span> <span class='ocrx_word' id='word_1_239' title='bbox 381 3062 569 3123; x_wconf 83' lang='lat' dir='ltr'><strong>quum</strong></span> <span class='ocrx_word' id='word_1_240' title='bbox 612 3040 945 3103; x_wconf 78' lang='lat' dir='ltr'><strong>cothurnos</strong></span> <span class='ocrx_word' id='word_1_241' title='bbox 988 3041 1335 3123; x_wconf 84' lang='lat' dir='ltr'><strong>gestaverit.</strong></span> <span class='ocrx_word' id='word_1_242' title='bbox 1416 3042 1536 3124; x_wconf 81' lang='lat' dir='ltr'><strong>Ajo</strong></span> <span class='ocrx_word' id='word_1_243' title='bbox 1579 3048 1644 3103; x_wconf 88' lang='lat' dir='ltr'><strong>et</strong></span> <span class='ocrx_word' id='word_1_244' title='bbox 1681 3039 1833 3120; x_wconf 88' lang='lat' dir='ltr'><strong>ipse.</strong></span> <span class='ocrx_word' id='word_1_245' title='bbox 1921 3037 2046 3101; x_wconf 89' lang='lat' dir='ltr'><strong>Sed</strong></span> <span class='ocrx_word' id='word_1_246' title='bbox 2103 3056 2232 3099; x_wconf 89' lang='lat' dir='ltr'><strong>non</strong></span> <span class='ocrx_word' id='word_1_247' title='bbox 2285 3047 2382 3101; x_wconf 89' lang='lat' dir='ltr'><strong>est</strong></span> 
     </span>
     <span class='ocr_line' id='line_1_29' title="bbox 150 3132 2382 3226; baseline 0 -20"><span class='ocrx_word' id='word_1_248' title='bbox 150 3165 337 3225; x_wconf 88' lang='lat' dir='ltr'><strong>opus,</strong></span> <span class='ocrx_word' id='word_1_249' title='bbox 391 3164 635 3207; x_wconf 81' lang='lat' dir='ltr'><strong>versum</strong></span> <span class='ocrx_word' id='word_1_250' title='bbox 676 3144 801 3208; x_wconf 82' lang='lat'><strong>279</strong></span> <span class='ocrx_word' id='word_1_251' title='bbox 844 3145 931 3207; x_wconf 86' lang='lat' dir='ltr'><strong>ita</strong></span> <span class='ocrx_word' id='word_1_252' title='bbox 979 3144 1396 3226; x_wconf 87' lang='lat' dir='ltr'><strong>interpretari,</strong></span> <span class='ocrx_word' id='word_1_253' title='bbox 1461 3152 1528 3207; x_wconf 89' lang='lat' dir='ltr'><strong>ut</strong></span> <span class='ocrx_word' id='word_1_254' title='bbox 1565 3144 1758 3207; x_wconf 83' lang='lat' dir='ltr'><strong>verba</strong></span> <span class='ocrx_word' id='word_1_255' title='bbox 1799 3146 2076 3223; x_wconf 76' lang='grc' dir='ltr'><strong><em>ἔτερος</em></strong></span> <span class='ocrx_word' id='word_1_256' title='bbox 2115 3132 2218 3206; x_wconf 72' lang='grc' dir='ltr'><strong>αὖ</strong></span> <span class='ocrx_word' id='word_1_257' title='bbox 2257 3137 2382 3207; x_wconf 73' lang='grc' dir='ltr'><strong>λό-</strong></span> 
     </span>
     <span class='ocr_line' id='line_1_30' title="bbox 152 3241 2380 3331; baseline -0.004 -21"><span class='ocrx_word' id='word_1_258' title='bbox 152 3272 199 3330; x_wconf 85' lang='grc' dir='ltr'><em>φ</em></span> <span class='ocrx_word' id='word_1_259' title='bbox 218 3271 309 3313; x_wconf 80' lang='grc' dir='ltr'><strong>ον</strong></span> <span class='ocrx_word' id='word_1_260' title='bbox 354 3244 747 3331; x_wconf 68' lang='grc' dir='ltr'><strong><em>κατειληφώς</em></strong></span> <span class='ocrx_word' id='word_1_261' title='bbox 788 3272 890 3319; x_wconf 66' lang='grc' dir='ltr'><strong>τις</strong></span> <span class='ocrx_word' id='word_1_262' title='bbox 930 3242 1111 3330; x_wconf 73' lang='grc' dir='ltr'><strong><em>ὅρνις</em></strong></span> <span class='ocrx_word' id='word_1_263' title='bbox 1138 3254 1392 3328; x_wconf 84' lang='lat' dir='ltr'><strong>repectu</strong></span> <span class='ocrx_word' id='word_1_264' title='bbox 1417 3246 1890 3328; x_wconf 85' lang='lat' dir='ltr'><strong>phoenicopteri</strong></span> <span class='ocrx_word' id='word_1_265' title='bbox 1917 3246 2098 3309; x_wconf 87' lang='lat' dir='ltr'><strong>simul</strong></span> <span class='ocrx_word' id='word_1_266' title='bbox 2133 3252 2196 3306; x_wconf 91' lang='lat' dir='ltr'><strong>et</strong></span> <span class='ocrx_word' id='word_1_267' title='bbox 2233 3241 2380 3323; x_wconf 80' lang='lat' dir='ltr'><strong>galli</strong></span> 
     </span>
     <span class='ocr_line' id='line_1_31' title="bbox 150 3346 2378 3429; baseline -0.001 -20"><span class='ocrx_word' id='word_1_268' title='bbox 150 3347 477 3429; x_wconf 81' lang='lat' dir='ltr'><strong>gallinacei</strong></span> <span class='ocrx_word' id='word_1_269' title='bbox 518 3348 685 3411; x_wconf 81' lang='lat' dir='ltr'><strong>dicta</strong></span> <span class='ocrx_word' id='word_1_270' title='bbox 727 3350 1179 3424; x_wconf 83' lang='lat' dir='ltr'><strong>existimentur;</strong></span> <span class='ocrx_word' id='word_1_271' title='bbox 1244 3350 1431 3411; x_wconf 84' lang='lat' dir='ltr'><strong>immo</strong></span> <span class='ocrx_word' id='word_1_272' title='bbox 1478 3368 1552 3410; x_wconf 90' lang='lat' dir='ltr'><strong>ea</strong></span> <span class='ocrx_word' id='word_1_273' title='bbox 1615 3348 1862 3428; x_wconf 80' lang='lat' dir='ltr'><strong>egregie</strong></span> <span class='ocrx_word' id='word_1_274' title='bbox 1903 3346 1984 3407; x_wconf 90' lang='lat' dir='ltr'><strong>ad</strong></span> <span class='ocrx_word' id='word_1_275' title='bbox 2025 3364 2210 3408; x_wconf 88' lang='lat' dir='ltr'><strong>unum</strong></span> <span class='ocrx_word' id='word_1_276' title='bbox 2265 3364 2378 3407; x_wconf 87' lang='lat' dir='ltr'><strong>so·-</strong></span> 
     </span>
     <span class='ocr_line' id='line_1_32' title="bbox 147 3448 2380 3530; baseline 0.001 -21"><span class='ocrx_word' id='word_1_277' title='bbox 147 3451 279 3513; x_wconf 86' lang='lat' dir='ltr'><strong>lum</strong></span> <span class='ocrx_word' id='word_1_278' title='bbox 319 3449 871 3530; x_wconf 86' lang='lat' dir='ltr'><strong>phoenicopterum</strong></span> <span class='ocrx_word' id='word_1_279' title='bbox 914 3452 1147 3513; x_wconf 76' lang='lat' dir='ltr'><strong>referre</strong></span> <span class='ocrx_word' id='word_1_280' title='bbox 1187 3452 1347 3514; x_wconf 81' lang='lat' dir='ltr'><strong>licet.</strong></span> <span class='ocrx_word' id='word_1_281' title='bbox 1433 3451 1616 3525; x_wconf 87' lang='lat' dir='ltr'><strong>Quod</strong></span> <span class='ocrx_word' id='word_1_282' title='bbox 1659 3450 1714 3511; x_wconf 91' lang='lat' dir='ltr'><strong>si</strong></span> <span class='ocrx_word' id='word_1_283' title='bbox 1753 3448 1864 3525; x_wconf 82' lang='lat' dir='ltr'><strong>fit,</strong></span> <span class='ocrx_word' id='word_1_284' title='bbox 1921 3468 2046 3510; x_wconf 87' lang='lat' dir='ltr'><strong>non</strong></span> <span class='ocrx_word' id='word_1_285' title='bbox 2089 3455 2211 3521; x_wconf 87' lang='lat' dir='ltr'><strong>est,</strong></span> <span class='ocrx_word' id='word_1_286' title='bbox 2271 3467 2380 3511; x_wconf 87' lang='lat' dir='ltr'><strong>cur</strong></span> 
     </span>
     <span class='ocr_line' id='line_1_33' title="bbox 150 3548 2378 3633; baseline -0.002 -16"><span class='ocrx_word' id='word_1_287' title='bbox 150 3552 343 3617; x_wconf 83' lang='lat' dir='ltr'><strong>verba</strong></span> <span class='ocrx_word' id='word_1_288' title='bbox 384 3550 547 3631; x_wconf 88' lang='lat' dir='ltr'><strong>ipsa,</strong></span> <span class='ocrx_word' id='word_1_289' title='bbox 590 3550 899 3631; x_wconf 48' lang='lat' dir='ltr'><strong>*siquidem</strong></span> <span class='ocrx_word' id='word_1_290' title='bbox 958 3554 1038 3615; x_wconf 84' lang='lat' dir='ltr'><strong>ad</strong></span> <span class='ocrx_word' id='word_1_291' title='bbox 1080 3554 1283 3620; x_wconf 80' lang='lat' dir='ltr'><strong>vivum</strong></span> <span class='ocrx_word' id='word_1_292' title='bbox 1338 3559 1724 3627; x_wconf 85' lang='lat' dir='ltr'><strong>resecantur,</strong></span> <span class='ocrx_word' id='word_1_293' title='bbox 1779 3566 1906 3611; x_wconf 87' lang='lat' dir='ltr'><strong>non</strong></span> <span class='ocrx_word' id='word_1_294' title='bbox 1948 3548 2218 3611; x_wconf 86' lang='lat' dir='ltr'><strong>dicamus</strong></span> <span class='ocrx_word' id='word_1_295' title='bbox 2261 3570 2378 3633; x_wconf 87' lang='lat' dir='ltr'><strong>pro</strong></span> 
     </span>
     <span class='ocr_line' id='line_1_34' title="bbox 152 3649 2379 3735; baseline -0.001 -20"><span class='ocrx_word' id='word_1_296' title='bbox 152 3653 405 3735; x_wconf 81' lang='lat' dir='ltr'><strong>singulis</strong></span> <span class='ocrx_word' id='word_1_297' title='bbox 446 3654 653 3735; x_wconf 86' lang='lat' dir='ltr'><strong>potius</strong></span> <span class='ocrx_word' id='word_1_298' title='bbox 698 3670 880 3733; x_wconf 82' lang='lat' dir='ltr'><strong>quam</strong></span> <span class='ocrx_word' id='word_1_299' title='bbox 934 3673 1051 3735; x_wconf 90' lang='lat' dir='ltr'><strong>pro</strong></span> <span class='ocrx_word' id='word_1_300' title='bbox 1094 3656 1251 3718; x_wconf 86' lang='lat' dir='ltr'><strong>binis</strong></span> <span class='ocrx_word' id='word_1_301' title='bbox 1304 3654 1622 3719; x_wconf 88' lang='lat' dir='ltr'><strong>tibicinum</strong></span> <span class='ocrx_word' id='word_1_302' title='bbox 1665 3651 1854 3715; x_wconf 86' lang='lat' dir='ltr'><strong>soleis</strong></span> <span class='ocrx_word' id='word_1_303' title='bbox 1911 3649 2230 3713; x_wconf 82' lang='lat' dir='ltr'><strong>altioribus</strong></span> <span class='ocrx_word' id='word_1_304' title='bbox 2273 3652 2379 3713; x_wconf 83' lang='lat' dir='ltr'><strong>fa-</strong></span> 
     </span>
     <span class='ocr_line' id='line_1_35' title="bbox 152 3752 2376 3837; baseline -0.002 -21"><span class='ocrx_word' id='word_1_305' title='bbox 152 3774 313 3819; x_wconf 82' lang='lat' dir='ltr'><strong>cere.</strong></span> <span class='ocrx_word' id='word_1_306' title='bbox 370 3757 557 3837; x_wconf 80' lang='lat' dir='ltr'><strong>Ergo</strong></span> <span class='ocrx_word' id='word_1_307' title='bbox 606 3755 675 3817; x_wconf 89' lang='lat' dir='ltr'><strong>id</strong></span> <span class='ocrx_word' id='word_1_308' title='bbox 706 3755 1173 3817; x_wconf 84' lang='lat' dir='ltr'><strong>instrumentum</strong></span> <span class='ocrx_word' id='word_1_309' title='bbox 1231 3760 1542 3830; x_wconf 86' lang='lat' dir='ltr'><strong>musicum,</strong></span> <span class='ocrx_word' id='word_1_310' title='bbox 1589 3757 1671 3817; x_wconf 89' lang='lat' dir='ltr'><strong>de</strong></span> <span class='ocrx_word' id='word_1_311' title='bbox 1711 3774 1836 3836; x_wconf 85' lang='lat' dir='ltr'><strong>quo</strong></span> <span class='ocrx_word' id='word_1_312' title='bbox 1865 3754 2137 3835; x_wconf 86' lang='lat' dir='ltr'><strong>loquitur</strong></span> <span class='ocrx_word' id='word_1_313' title='bbox 2181 3752 2376 3815; x_wconf 89' lang='lat' dir='ltr'><strong>scho-</strong></span> 
     </span>
     <span class='ocr_line' id='line_1_36' title="bbox 152 3856 2379 3933; baseline -0.001 -16"><span class='ocrx_word' id='word_1_314' title='bbox 152 3857 360 3919; x_wconf 87' lang='lat' dir='ltr'><strong>liastes</strong></span> <span class='ocrx_word' id='word_1_315' title='bbox 400 3856 720 3927; x_wconf 77' lang='lat' dir='ltr'><strong>Aeschinis</strong></span> <span class='ocrx_word' id='word_1_316' title='bbox 738 3904 757 3931; x_wconf 91' lang='lat'><strong>,</strong></span> <span class='ocrx_word' id='word_1_317' title='bbox 822 3864 883 3919; x_wconf 90' lang='lat' dir='ltr'><strong>et</strong></span> <span class='ocrx_word' id='word_1_318' title='bbox 940 3856 1049 3919; x_wconf 87' lang='lat' dir='ltr'><strong>illa</strong></span> <span class='ocrx_word' id='word_1_319' title='bbox 1112 3858 1367 3921; x_wconf 83' lang='lat' dir='ltr'><strong>scabilla</strong></span> <span class='ocrx_word' id='word_1_320' title='bbox 1436 3858 1732 3921; x_wconf 89' lang='lat' dir='ltr'><strong>habemus</strong></span> <span class='ocrx_word' id='word_1_321' title='bbox 1783 3863 2020 3920; x_wconf 88' lang='lat' dir='ltr'><strong>testata.</strong></span> <span class='ocrx_word' id='word_1_322' title='bbox 2103 3857 2180 3915; x_wconf 92' lang='lat' dir='ltr'><strong>Et</strong></span> <span class='ocrx_word' id='word_1_323' title='bbox 2220 3872 2379 3933; x_wconf 86' lang='lat' dir='ltr'><strong>pro-</strong></span> 
     </span>
     <span class='ocr_line' id='line_1_37' title="bbox 151 3954 2381 4044; baseline -0.001 -25"><span class='ocrx_word' id='word_1_324' title='bbox 151 3960 346 4035; x_wconf 86' lang='lat' dir='ltr'><strong>fecto,</strong></span> <span class='ocrx_word' id='word_1_325' title='bbox 409 3960 495 4021; x_wconf 89' lang='lat' dir='ltr'><strong>ita</strong></span> <span class='ocrx_word' id='word_1_326' title='bbox 558 3959 611 4019; x_wconf 89' lang='lat' dir='ltr'><strong>si</strong></span> <span class='ocrx_word' id='word_1_327' title='bbox 666 3960 985 4035; x_wconf 84' lang='lat' dir='ltr'><strong>statuitur,</strong></span> <span class='ocrx_word' id='word_1_328' title='bbox 1038 3960 1223 4021; x_wconf 88' lang='lat' dir='ltr'><strong>etiam</strong></span> <span class='ocrx_word' id='word_1_329' title='bbox 1271 3960 1509 4025; x_wconf 75' lang='lat' dir='ltr'><strong>facilius</strong></span> <span class='ocrx_word' id='word_1_330' title='bbox 1550 3960 1938 4044; x_wconf 78' lang='lat' dir='ltr'><strong>intelligitur,</strong></span> <span class='ocrx_word' id='word_1_331' title='bbox 1981 3978 2090 4021; x_wconf 87' lang='lat' dir='ltr'><strong>cur</strong></span> <span class='ocrx_word' id='word_1_332' title='bbox 2131 3954 2381 4017; x_wconf 87' lang='lat' dir='ltr'><strong>Pisthe-</strong></span> 
     </span>
     <span class='ocr_line' id='line_1_38' title="bbox 151 4052 2382 4145; baseline -0 -23"><span class='ocrx_word' id='word_1_333' title='bbox 151 4070 360 4123; x_wconf 85' lang='lat' dir='ltr'><strong>taerus</strong></span> <span class='ocrx_word' id='word_1_334' title='bbox 404 4068 728 4141; x_wconf 86' lang='lat' dir='ltr'><strong>tantopere</strong></span> <span class='ocrx_word' id='word_1_335' title='bbox 766 4062 1019 4124; x_wconf 87' lang='lat' dir='ltr'><strong>miretur</strong></span> <span class='ocrx_word' id='word_1_336' title='bbox 1064 4062 1232 4125; x_wconf 88' lang='lat' dir='ltr'><strong>illam</strong></span> <span class='ocrx_word' id='word_1_337' title='bbox 1278 4062 1560 4145; x_wconf 82' lang='grc' dir='ltr'><strong><em>λόφωσιν</em></strong></span> <span class='ocrx_word' id='word_1_338' title='bbox 1615 4064 1704 4125; x_wconf 91' lang='lat' dir='ltr'><strong>sic</strong></span> <span class='ocrx_word' id='word_1_339' title='bbox 1748 4065 2182 4142; x_wconf 85' lang='lat' dir='ltr'><strong>comparatam,</strong></span> <span class='ocrx_word' id='word_1_340' title='bbox 2225 4052 2382 4129; x_wconf 74' lang='grc' dir='ltr'><strong>ὥςτε</strong></span> 
     </span>
     <span class='ocr_line' id='line_1_39' title="bbox 150 4150 2378 4253; baseline -0.002 -24"><span class='ocrx_word' id='word_1_341' title='bbox 150 4160 230 4229; x_wconf 78' lang='grc' dir='ltr'><strong>τὸ</strong></span> <span class='ocrx_word' id='word_1_342' title='bbox 274 4166 551 4248; x_wconf 76' lang='grc' dir='ltr'><em>πρᾶγμα</em></span> <span class='ocrx_word' id='word_1_343' title='bbox 596 4162 802 4239; x_wconf 75' lang='grc' dir='ltr'><strong><em>ἐοικὸς</em></strong></span> <span class='ocrx_word' id='word_1_344' title='bbox 858 4166 1026 4233; x_wconf 70' lang='grc' dir='ltr'><strong><em>εἶναι</em></strong></span> <span class='ocrx_word' id='word_1_345' title='bbox 1071 4166 1366 4253; x_wconf 73' lang='grc' dir='ltr'><strong>τραγῳδῷ</strong></span> <span class='ocrx_word' id='word_1_346' title='bbox 1417 4163 1536 4233; x_wconf 72' lang='grc' dir='ltr'><strong>τὸν</strong></span> <span class='ocrx_word' id='word_1_347' title='bbox 1579 4176 1802 4249; x_wconf 77' lang='grc' dir='ltr'><strong><em>ἕτερον</em></strong></span> <span class='ocrx_word' id='word_1_348' title='bbox 1849 4168 1987 4247; x_wconf 67' lang='grc' dir='ltr'><strong>4μὲν</strong></span> <span class='ocrx_word' id='word_1_349' title='bbox 2063 4152 2234 4229; x_wconf 76' lang='grc' dir='ltr'><strong><em>πόδα</em></strong></span> <span class='ocrx_word' id='word_1_350' title='bbox 2278 4150 2378 4221; x_wconf 75' lang='grc' dir='ltr'><strong>ἐπ’</strong></span> 
     </span>
     <span class='ocr_line' id='line_1_40' title="bbox 146 4257 2378 4355; baseline -0.004 -24"><span class='ocrx_word' id='word_1_351' title='bbox 146 4262 451 4351; x_wconf 77' lang='grc' dir='ltr'><strong><em>ἐμβάτου</em></strong></span> <span class='ocrx_word' id='word_1_352' title='bbox 490 4264 758 4353; x_wconf 72' lang='grc' dir='ltr'><em>ὑψηλοῦ</em></span> <span class='ocrx_word' id='word_1_353' title='bbox 799 4264 1251 4353; x_wconf 69' lang='grc' dir='ltr'><strong>ἐπιβεβηκὸτι,</strong></span> <span class='ocrx_word' id='word_1_354' title='bbox 1292 4270 1556 4355; x_wconf 76' lang='grc' dir='ltr'><strong><em>θατέρῳ</em></strong></span> <span class='ocrx_word' id='word_1_355' title='bbox 1599 4268 1666 4335; x_wconf 79' lang='grc' dir='ltr'><strong>δὲ</strong></span> <span class='ocrx_word' id='word_1_356' title='bbox 1709 4266 2040 4333; x_wconf 72' lang='grc' dir='ltr'><strong>σάνδαλον</strong></span> <span class='ocrx_word' id='word_1_357' title='bbox 2080 4257 2378 4333; x_wconf 55' lang='grc' dir='ltr'><strong>ὑποδεδε-</strong></span> 
     </span>
    </p>
   </div>
  </div>
 </body>
</html>
