2759 5084
1284 197 1705 261 ...ΒΖ-...-

526 365 671 435 Ἠν
722 359 781 433 δ’
819 362 1109 451 ἡγῶνται
1146 367 1219 433 σὺ
1256 362 1470 444 θεῶν,
1511 370 1586 437 οὲ
1627 365 1830 453 βίον,
1879 367 1953 433 σὲ
1993 363 2064 433 δὲ
2113 365 2284 449 Γῆν,
2323 366 2396 431 σὺ
2437 360 2628 448 Κρό-

1841 489 1969 537 νον
1987 515 2014 545 ,
2059 469 2130 535 σὲ
2171 465 2502 543 nomena,

538 566 739 655 ἀγάθ’
780 568 1076 641 αὐτοῖσιν
1118 568 1345 640 πάντα
1387 572 1729 657 παρέσται,

368 672 777 737 clarissimum
817 681 931 737 est.
1018 673 1265 755 Quippe
1318 691 1522 754 neque
1571 672 1768 736 verba
1811 675 1882 739 οὲ
1903 665 2098 757 ’θεὸν
2151 670 2304 735 ferri
2364 679 2630 752 possunt

368 777 459 839 sic
498 776 639 839 sola
678 796 793 858 per
856 796 926 841 se
994 777 1230 859 posita,
1296 788 1488 858 quum
1549 776 1702 841 certi
1759 774 2080 859 cujusdam
2145 774 2250 837 dei
2309 773 2630 837 mentione

370 898 529 959 opus
576 878 694 955 sit,
738 896 939 961 neque
981 898 1133 943 vero
1176 878 1486 943 vocabula
1531 882 1599 945 σὲ
1641 879 1840 963 βίον,
1881 896 2047 957 quae
2089 894 2170 939 ne
2211 896 2326 959 per
2369 894 2440 939 se
2479 876 2625 957 qni-

372 982 515 1044 dem
571 980 909 1044 admodum
948 982 1227 1063 placent,
1286 988 1458 1045 stare
1497 983 1563 1045 in
1615 982 1738 1045 hac
1801 978 2111 1045 sententia
2133 1026 2154 1056 ,
2219 990 2410 1061 quum
2470 980 2628 1043 dens

369 1083 593 1166 aliquis
637 1082 993 1145 nominatus
1038 1084 1117 1149 sit
1160 1091 1469 1167 oporteat.
1553 1086 1734 1161 Quae
1789 1103 1978 1167 quum
2025 1081 2120 1146 ita
2153 1082 2294 1157 sint,
2345 1089 2630 1162 apparet,

366 1184 577 1249 locum
616 1186 707 1250 ita
746 1186 1201 1251 emendandum
1244 1208 1414 1267 esse,
1472 1198 1542 1253 nt
1580 1187 1954 1255 vocabulum
1997 1181 2162 1255 θεὸν
2221 1186 2304 1249 ad
2345 1204 2626 1267 sequen-

368 1286 457 1349 tia
514 1292 585 1357 σὲ
620 1288 781 1374 βίον
823 1290 1107 1355 trahatur
1150 1310 1349 1377 eaque
1391 1294 1484 1357 sic
1539 1300 1882 1367 mutentur,
1948 1298 2016 1355 ut
2055 1289 2158 1352 dei
2197 1288 2457 1373 alicujus
2503 1306 2624 1349 ex-

366 1388 624 1453 hibeant
654 1411 907 1457 nomen.
991 1395 1129 1457 Non
1171 1396 1390 1461 dubito
1435 1395 1744 1479 equidem,
1785 1394 1936 1476 quin
1965 1393 2282 1475 scripserit
2311 1391 2624 1456 Comicus:

384 1532 391 1539 ·
528 1488 675 1565 Ἠν
717 1490 777 1561 δ’
812 1488 1104 1578 ἡγῶνται
1148 1501 1223 1565 οὲ
1264 1493 1440 1567 θεὸν
1483 1495 1770 1585 Σᾰβων,
1811 1502 1884 1563 σὲ
1923 1495 1996 1563 δὲ
2043 1496 2107 1561 Γ
2099 1500 2186 1581 ῆν
2225 1502 2368 1559 cett.

367 1596 583 1661 Dicam
624 1598 891 1680 primum
928 1599 1009 1660 de
1050 1618 1211 1663 voce
1258 1594 1542 1687 Σάβων.
1621 1601 1792 1665 Inter
1854 1616 2076 1661 omnes
2139 1604 2418 1671 constat,
2489 1598 2622 1663 Σα-

365 1692 605 1782 βάζιον
666 1699 933 1764 eundem
996 1700 1123 1765 dici
1193 1698 1448 1788 Σάβον.
1545 1703 1626 1766 At
1683 1701 1796 1766 illa
1849 1700 2056 1763 forma
2117 1698 2324 1761 adhuc
2383 1699 2619 1784 ignota.

369 1802 808 1865 Verumtamen
870 1805 1085 1884 quidni
1126 1823 1205 1868 ea
1268 1823 1472 1885 aeque
1525 1805 1688 1869 bene
1751 1802 2040 1885 usurpari
2111 1800 2387 1883 potuerit
2443 1804 2624 1886 juxta

366 1903 636 1967 formam
698 1900 927 1991 Σάβας
948 1952 967 1983 ,
1026 1914 1213 1989 atque
1268 1929 1327 1972 v.
1368 1929 1424 1971 c.
1479 1903 1772 1994 Βάκχιος
1825 1906 2003 1989 juxta
2068 1899 2386 1991 Βάκχοςί)
2495 1906 2626 1969 Sed

370 2028 517 2073 ecce
560 2009 672 2074 tibi
708 2011 895 2073 etiam
936 2009 1125 2077 aliam
1160 2010 1516 2093 analogiam
1548 2028 1808 2091 eamque
1845 2010 2068 2072 forsan
2098 2009 2426 2089 aptiorem.
2479 2011 2625 2074 No-

366 2122 499 2179 tum
540 2120 636 2181 est
666 2111 1107 2194 epiphthegma
1132 2114 1458 2196 mysticum
1501 2120 1566 2175 et
1605 2112 1966 2175 bacchicam
2007 2104 2182 2178 Εὐοῑ
2207 2111 2442 2197 Σαβοῖ.
2525 2115 2626 2179 Ex

367 2232 525 2277 voce
560 2207 737 2281 Εὖοῖ
768 2213 979 2277 fictum
1011 2220 1107 2277 est
1146 2232 1496 2297 cognomen
1532 2215 1634 2277 vel
1671 2232 1900 2279 nomen
1929 2213 2160 2276 Bacchi
2199 2208 2446 2287 Εὖιοςε
2487 2216 2622 2299 ipse

367 2318 523 2379 deus
562 2322 856 2395 tanquam
897 2316 1151 2379 nomine
1190 2318 1452 2399 proprio
1485 2316 1835 2401 appelletur
1869 2312 2086 2388 ,Εὔιος
2117 2312 2302 2393 θεός,
2345 2318 2454 2381 cfr.
2483 2320 2628 2382 Lo·-

368 2418 549 2483 heck.
614 2417 923 2503 Aglaoph.
989 2420 1058 2481 Τ.
1088 2419 1137 2483 1.
1178 2439 1241 2501 p.
1272 2420 1400 2485 646
1439 2440 1566 2502 sq„
1632 2421 1704 2483 T.
1745 2419 1818 2483 11.
1875 2439 1936 2500 p.
1977 2418 2137 2483 1041
2167 2436 2304 2499 sqq.
2391 2420 2622 2495 Quidni

365 2521 608 2588 licuerit
646 2529 955 2599 statuere,
1018 2542 1101 2587 ex
1148 2523 1610 2607 epiphtegmate
1653 2524 1872 2609 Σαβοῖ
1922 2522 2254 2587 formatum
2297 2541 2436 2587 esse
2483 2520 2628 2591 Σοὶ-

366 2628 521 2709 βιος
564 2632 627 2687 et
668 2624 889 2700 deum,
946 2624 1231 2691 similiter
1272 2634 1460 2707 atque
1498 2624 1843 2690 vocabatur
1885 2618 2098 2699 Εὔιος
2137 2618 2339 2701 θεός,
2393 2623 2624 2705 appel-

366 2727 563 2791 latum
606 2744 746 2789 esse
788 2721 957 2793 θεὸν
1002 2720 1264 2813 Σάβιον
1296 2728 1430 2791 sive
1463 2730 1596 2811 jam
1640 2735 1826 2791 antea
1869 2727 1949 2790 ab
1995 2724 2134 2791 aliis
2175 2725 2310 2789 sive
2351 2724 2436 2787 ab
2473 2726 2628 2791 Ari-

368 2830 677 2913 stophane
723 2828 923 2910 primo
939 2831 968 2891 Ἰ
1055 2828 1239 2903 Quod
1296 2848 1450 2895 vero
1497 2831 1714 2895 attinet
1775 2830 1858 2895 ad
1899 2829 2272 2896 facilitatem·
2321 2828 2626 2893 mutatio-—

370 2933 501 3011 nis,
564 2932 803 2995 nullum
844 2932 1015 2995 aliud
1056 2939 1303 2997 exstare
1346 2934 1454 2997 dei
1495 2953 1759 3010 nomen,
1804 2934 1980 3016 quod
2019 2942 2147 2997 tam
2189 2952 2389 3016 prope
2433 2952 2628 2997 acce-

367 3040 477 3103 dat
518 3037 603 3101 ad
659 3043 891 3099 tractus
952 3033 1273 3099 literarum
1294 3082 1313 3111 ,
1376 3037 1596 3119 quales
1649 3037 1716 3100 in
1757 3036 1933 3101 libris
1991 3055 2173 3100 mscr.
2215 3036 2628 3119 reperiuntur,

369 3146 540 3203 certa
582 3158 685 3203 res
726 3148 837 3203 est.
893 3140 1199 3222 Denique,
1240 3140 1361 3205 nisi
1402 3160 1544 3205 mea
1587 3162 1688 3205 me
1729 3142 1890 3206 fallit
1931 3141 2164 3224 opinio,
2205 3139 2432 3206 nullius
2466 3141 2628 3205 alius

368 3241 471 3309 dei
514 3242 1023 3311 commemoratio
1066 3243 1289 3307 melius
1332 3245 1599 3327 quadrat
1639 3244 1706 3307 in
1759 3244 1928 3309 hunc
1983 3244 2230 3307 locum:
2293 3244 2628 3307 Sabazium

370 3347 533 3411 enim
576 3346 779 3411 solem
818 3347 1094 3411 habitum
1140 3367 1281 3411 esse
1338 3354 1584 3413 constat
1643 3368 1723 3409 ex
1763 3346 2073 3415 Macrobii
2129 3350 2373 3413 Satur-n.
2415 3347 2462 3423 1,
2509 3350 2624 3425 183

364 3451 539 3533 quod
577 3470 733 3515 vero
778 3450 1031 3514 aliunde
1072 3452 1386 3535 cognitum
1425 3451 1751 3525 hahemuS‚
1835 3449 2165 3513 Sabazinm
2205 3450 2328 3533 ipsi
2367 3450 2626 3515 Aristo-

362 3553 555 3633 phani
597 3554 955 3622 vilissimum
998 3562 1063 3617 et
1102 3553 1652 3618 contemtissimum
1695 3572 1882 3616 unum
1935 3553 2132 3617 fuisse
2172 3554 2392 3631 deum,
2453 3555 2620 3619 adeo

362 3660 433 3717 ut
481 3654 649 3733 apud
710 3675 851 3717 eum
908 3656 1237 3721 Sabazium
1306 3662 1370 3718 et
1437 3656 1743 3738 quosdam
1807 3656 1968 3719 alios
2032 3656 2190 3719 deos
2253 3657 2620 3741 peregrinos

354 3755 667 3841 judicatos
710 3776 747 3819 e
790 3759 1034 3823 civitate
1078 3757 1217 3841 ejici
1270 3757 1532 3822 relatum
1579 3761 1660 3825 sit
1715 3780 1756 3823 a
1797 3759 2096 3825 Cicerone
2139 3759 2284 3824 libri
2324 3760 2407 3822 de
2449 3760 2619 3843 legi-

360 3862 477 3927 bus
516 3858 591 3923 11.
657 3879 794 3942 cap.
834 3861 932 3935 15,
976 3895 1063 3909 -
1105 3861 1419 3925 Comicum
1475 3883 1604 3927 non
1666 3865 1972 3938 voluisse,
2035 3870 2104 3927 ut
2161 3864 2214 3925 is
2276 3882 2404 3925 non
2447 3872 2620 3926 esset

356 3964 520 4027 inter
560 3963 719 4028 deos
762 3964 843 4027 ab
886 3962 1102 4027 avibus
1146 3975 1651 4047 repraesentatos
1671 4016 1688 4045 ,
1731 3976 1994 4051 apparet
2035 3986 2116 4029 ex
2158 3969 2262 4032 Vs.
2303 3968 2464 4045 875,
2507 3968 2617 4031 nbi

359 4065 673 4151 φρυγίλος
716 4060 1056 4153 Σαβάζιος
1098 4077 1644 4134 commemoratur.
1684 4104 1770 4119 --
1829 4073 1968 4135 Jam
2021 4088 2201 4148 vero,
2267 4078 2336 4135 nt
2376 4070 2615 4134 redea-

356 4188 523 4245 mus,
587 4168 753 4231 unde
810 4188 1019 4235 sumus
1084 4170 1212 4233 orsi
1234 4218 1251 4248 ,
1313 4172 1748 4254 inquirendum
1813 4181 1937 4251 est,
1997 4194 2145 4237 num
2187 4174 2294 4239 Vs.
2327 4174 2452 4237 591
2501 4174 2614 4237 di-

354 4277 554 4334 rectus
599 4271 680 4335 sit
722 4271 803 4335 ad
846 4274 1162 4355 Upupam,
1221 4282 1287 4337 ut
1327 4275 1668 4338 Brunckius
1739 4285 1800 4339 et
1859 4278 1963 4359 qui
2023 4298 2164 4343 eum
2225 4277 2422 4343 secuti
2465 4284 2615 4341 sunt
