2759 5084
998 199 1419 261 ...19-

85 367 322 430 videtur
365 367 528 430 enim
571 368 714 432 loco
757 367 1104 430 Aristotelis
1145 358 1360 452 ὀσφῦς
1399 367 1747 454 significare
1790 371 1995 454 potius
2048 389 2333 455 «perpe-

83 479 244 532 tuam
285 471 564 552 spinam»
613 487 796 551 quam
844 471 1068 531 simam
1107 478 1453 552 perpetuae
1496 473 1777 553 spinae,»
1826 482 1895 536 ut
1928 472 2093 556 apud
2127 471 2332 558 Cyril—

79 573 202 634 lum
249 573 416 635 idem
467 574 676 635 valere
729 571 1018 646 traditur,
1079 571 1250 653 quod
1295 571 1519 661 ῥάχις,
1580 585 1671 650 et,
1727 575 1989 638 eandem
2030 577 2166 638 fere
2208 577 2331 638 vim

79 695 214 736 esse
257 675 544 738 vocabuli
583 677 648 736 in
692 674 900 756 glossa
929 674 1340 757 Etymologici
1374 677 1613 760 Magni,
1657 679 1707 739 is
1754 676 2085 740 contendat
2128 697 2331 760 opor-

75 786 190 854 tet,
242 779 346 858 qui
387 778 506 839 sibi
547 777 958 858 persuaserit,
1003 793 1172 851 enm,
1231 776 1334 856 qui
1377 777 1647 859 singulas
1690 777 1851 840 illius
1895 787 2103 859 partes
2148 801 2331 843 com-

71 881 288 961 pilavit
303 927 320 954 ,
375 879 754 942 intellexisse
769 925 787 953 ‚
849 877 997 958 quid
1053 875 1474 959 significarent
1528 897 1605 942 ea
1621 927 1638 955 ,
1705 899 1866 961 quae
1922 885 2335 964 congerebam

71 984 420 1044 Varronem
477 983 746 1063 denique
802 981 1044 1062 spinam
1102 981 1483 1064 significasse
1535 991 1903 1065 perpetuam
1923 1032 1941 1058 ,
2003 1004 2108 1048 res
2164 993 2335 1048 certa

71 1093 186 1148 est.
281 1085 511 1148 Contra
554 1084 721 1166 apud
762 1083 1131 1159 Lucianum,
1185 1084 1528 1166 Lexiphan.
1574 1085 1719 1166 Cap.
1749 1085 1925 1149 vlu:
1982 1083 2183 1162 ἄλλος
2225 1090 2335 1175 ἆῤ·-

67 1189 384 1274 ρικνοῦτο
427 1181 554 1254 σὺν
595 1189 820 1274 γέλωτι
860 1183 992 1269 τήν
1037 1182 1285 1270 ὀσφῦν,
1337 1205 1523 1268 quem
1562 1209 1753 1252 unum
1796 1189 2001 1252 locum
2044 1209 2082 1254 e
2126 1191 2335 1253 serio-

65 1291 260 1352 ribus.
298 1291 538 1375 scriptis
597 1291 874 1352 attulisse
921 1290 1067 1352 satis
1121 1289 1363 1366 habeo,
1424 1293 1797 1354 vocabulum
1840 1285 2051 1377 ὀσφῦς
2104 1288 2331 1375 per-‘se

3 1405 6 1412 ·
62 1393 273 1454 solnm
321 1393 593 1473 positum
651 1400 746 1453 est
797 1391 876 1452 de
933 1397 1230 1454 exstem·
1280 1390 1463 1456 dorsi
1515 1401 1709 1479 parte
1766 1403 1829 1458 et
1876 1395 1956 1457 de
2009 1393 2333 1467 clunibus,

67 1506 140 1558 ut
197 1497 366 1577 apud
413 1495 844 1579 grammaticos
895 1494 1202 1557 vocabula
1249 1496 1659 1580 ῥικνοῦσθαι
1707 1505 1770 1560 et
1820 1495 2335 1583 διαρικνοῦσθαι
2472 1508 2491 1525 ’

63 1597 451 1679 explicantes
471 1642 486 1673 ,
571 1617 726 1679 quos
794 1595 1000 1660 citavit
1062 1597 1475 1665 Schneiderus
1536 1597 1701 1662 libro
1721 1646 1739 1674 ‚
1818 1600 1926 1679 qui
1987 1599 2337 1663 inscribitur

66 1726 96 1758 «
117 1704 250 1764 Das
309 1701 582 1764 Attische
639 1701 1200 1776 Thema-wesema·
1261 1721 1328 1782 p.
1363 1698 1511 1764 234.
1610 1701 1709 1762 Ad
1763 1698 1983 1781 poetas
2034 1704 2167 1783 jam
2220 1718 2333 1762 nos

65 1812 508 1870 convertentes
563 1804 768 1866 locum
809 1801 1234 1884 Aeschylium‚
1297 1803 1469 1884 cujus
1515 1803 1581 1866 in
1625 1802 1885 1884 gratiam
1922 1802 2087 1866 baec
2130 1804 2337 1866 omnia

62 1911 490 1990 disputamus,
564 1903 646 1965 ad
699 1911 942 1983 tempus
995 1901 1368 1982 pn'moribus
1428 1911 1661 1968 tantum
1679 1954 1695 1980 ,
1759 1915 1830 1969 ut
1883 1910 2085 1991 ajunt,
2144 1905 2337 1970 labris

58 2012 461 2094 attingemus.
561 2008 627 2070 si
675 2023 826 2069 vera
885 2014 1050 2068 esset
1100 2007 1391 2070 vocabuli
1434 2009 1605 2074 κῶλα
1654 2010 2112 2092 interpretatio,
2175 2026 2337 2088 quae

54 2113 384 2196 reperitur
427 2112 492 2174 in
537 2111 832 2174 Scholiis:
893 2104 980 2176 vti
1008 2109 1168 2178 wir
1213 2111 1444 2194 μηρῶν
1492 2103 1690 2189 ὀστᾶ,
1746 2112 1999 2198 μηρία,
2054 2123 2337 2197 μηριαῑα

53 2213 272 2293 ὁποῖ’,
332 2223 394 2277 et
427 2216 486 2300 si
530 2222 870 2290 constaret,
929 2211 1046 2275 diis
1090 2232 1218 2276 non
1261 2231 1399 2276 esse
1445 2213 1655 2276 oblata
1698 2216 1815 2278 nisi
1860 2234 2002 2278 ossa
2048 2215 2333 2278 carnibus

54 2319 337 2393 nudata,
409 2325 644 2380 eertum
685 2325 898 2392 esset,
972 2316 1344 2384 vocabulum
1405 2308 1617 2398 ὀσφῦς
1672 2317 1799 2380 hoc
1856 2319 2001 2381 loco
2060 2319 2143 2380 de
2199 2317 2335 2380 sola

52 2425 249 2504 spina
293 2440 432 2483 esse
473 2419 979 2501 intelligendum:
1055 2420 1136 2479 At
1173 2420 1348 2499 ptius
1388 2417 1545 2480 illud
1583 2425 1652 2481 ut
1693 2439 2035 2492 sumamus,
2089 2419 2335 2500 linguae

53 2543 218 2586 usus
271 2522 754 2603 haudquaquam
806 2519 1108 2602 postulat,
1169 2519 1433 2581 alterum
1472 2517 1599 2580 boc
1639 2521 1727 2582 ita
1771 2535 1941 2593 esse,
1999 2525 2169 2580 recte
2213 2537 2339 2580 ne·-

54 2633 375 2710 gaverunt
414 2624 722 2708 Heynius,
780 2626 832 2685 J.
873 2623 944 2684 G.
980 2621 1427 2698 Schneiderns,
1488 2623 1886 2687 Godofredus
1928 2619 2337 2697 Hermannus,

53 2738 130 2791 et
191 2729 548 2808 nuperrime
605 2727 766 2790 salso
824 2733 1134 2808 sumptum
1191 2746 1331 2790 esse
1385 2727 1843 2790 accuratissime
1896 2727 2169 2790 omnium
2213 2725 2337 2788 de·-

48 2832 437 2894 monstravit
478 2833 546 2892 B.
581 2829 652 2892 G.
687 2830 1004 2893 Weiskius
1057 2829 1252 2908 libro,
1312 2851 1497 2912 quem
1539 2830 1849 2912 inscripsit
1894 2828 2335 2892 «Prometheus
2406 2847 2413 2854 ·

48 2933 198 2995 und
254 2933 389 2995 sein
443 2933 900 3015 Mythenkreis‚
909 2956 937 2990 ιο
1001 2953 1062 3014 p.
1093 2931 1218 2995 247
1264 2953 1401 3014 sqq.
1494 2934 1829 2995 Praeterea
1876 2929 2046 3010 apud
2088 2929 2336 2992 Aristo-

40 3037 344 3118 phanem
391 3035 702 3117 reperitur
753 3035 1154 3109 vocabulum,
1217 3044 1280 3097 et
1331 3044 1425 3099 ter
1470 3036 1752 3117 quidem,
1810 3033 1983 3096 Pacis
2027 3033 2133 3096 Vs.
2168 3031 2333 3096 1053

42 3141 146 3201 de
200 3157 322 3200 ove
367 3145 760 3219 usurpatum,
817 3141 1164 3220 vesparum
1206 3139 1312 3203 Vs.
1350 3139 1511 3202 225.

301 3245 522 3328 ἔχουσι
559 3235 694 3324 reip
733 3240 842 3308 καὶ
881 3240 1156 3323 κέντρον
1199 3243 1266 3304 ἐκ
1307 3241 1429 3322 τῆς
1468 3232 1746 3325 ὀσφύος,

33 3345 142 3406 de
183 3342 544 3404 hominibus
573 3343 795 3406 iisdem
823 3343 1064 3424 vespis,
1107 3341 1469 3424 Amphiarai
1506 3344 1889 3426 fragmento,
1934 3343 2105 3423 quod
2139 3350 2339 3408 exstat
2473 3402 2482 3413 .

30 3447 236 3529 apud
292 3446 618 3508 Aelianum
673 3446 754 3508 de
809 3447 880 3508 N.
923 3446 994 3508 A.
1039 3445 1190 3522 ΧΗ,
1233 3447 1306 3520 9,
1373 3446 1483 3508 cfr.
1525 3447 1817 3510 Meinekii
1866 3447 2112 3528 Fragm.
2156 3447 2330 3512 Com.

32 3553 293 3615 Graec.
341 3549 589 3611 vohn.
634 3551 697 3610 P.
727 3550 802 3610 11.
846 3569 908 3630 p.
939 3549 1099 3612 955:

293 3643 562 3735 Ὀσφῦν
611 3648 676 3718 δ’
718 3657 784 3729 ἐξ
832 3647 1046 3738 ἄκρων
1087 3651 1535 3740 διακίνκλισον
1581 3645 1751 3734 ἠΰτε
1798 3651 2069 3737 κίγκλοι]

293 3747 532 3840 ἀνδρὸς
579 3751 1002 3841 πρεσβύτου’
1065 3756 1272 3823 τελέει
1325 3751 1389 3822 δ’
1434 3753 1717 3842 ἀγαθήν
1769 3751 2126 3841 ἐπαοιδήν,

23 3869 138 3930 de
207 3883 358 3940 ave,
423 3885 586 3948 quae
637 3867 900 3953 m'yntog
957 3865 1419 3951 appellabatur,
1476 3865 1653 3930 simul
1708 3873 1895 3951 atque
1939 3867 2020 3929 de
2060 3865 2335 3930 homine.

11 3971 242 4036 Pacis
297 3969 551 4034 fabulae
601 3972 842 4047 locum,
907 3973 1012 4053 qui
1067 3981 1162 4035 est
1212 3971 1356 4034 inde
1415 3987 1453 4032 a
1494 3971 1601 4032 Vs.
1642 3970 1807 4034 1020
1860 3990 2057 4056 usque
2107 3969 2187 4031 ad
2232 3971 2337 4033 Vs.

20 4073 238 4139 1055
257 4095 284 4147 ,·
335 4077 388 4136 si
433 4076 566 4155 quis
624 4075 934 4157 integrum
984 4057 1326 4160 perlegerit
1375 4073 1591 4157 paullo
1635 4073 1954 4148 attentius,
2014 4073 2165 4137 mibi
2214 4073 2337 4133 ad·-

10 4176 398 4252 sentietur,
458 4178 711 4259 opinor,
771 4199 850 4240 ex
891 4189 1098 4243 mente
1141 4187 1374 4263 poetae
1414 4172 1547 4262 τήν
1588 4173 1805 4260 ὀσφῦν
1844 4176 1946 4240 vel
1986 4175 2154 4240 idem
2200 4193 2338 4236 esse

11 4280 246 4367 qnod
287 4274 370 4348 τοὶ
410 4281 623 4369 μηρία
665 4283 798 4345 sive
839 4278 930 4348 ταὶ
969 4277 1190 4368 pinosi,
1236 4283 1333 4348 vel
1377 4281 1597 4344 saltem
1641 4281 1809 4344 illam
1854 4279 2135 4360 corporis
2181 4295 2337 4358 par-
