2759 5084
995 245 1416 304 ...5-

1142 413 1256 494 Π.

913 543 1240 596 Emendator
1287 543 1378 596 Vs.
1420 541 1510 595 4⁹.

943 673 1469 742 ΗΦΑῙΣΤΟΣ.

331 764 434 844 Ὠ
487 771 700 844 πολλοὶ
737 771 1112 864 ’μισηθεῖσα
1161 775 1565 866 χειρωναξιᾝα

989 897 1415 967 ΚΡΑΤΟΣ·

347 999 436 1064 Τι
481 1023 589 1066 ιιν
631 1013 918 1086 στυγεῑςς
980 997 1208 1068 πόνων
1243 992 1413 1084 γάρ,
1462 994 1567 1076 ὥς
1588 993 1773 1079 ἁπλῷ
1814 991 2013 1081 λόγῳ»

336 1099 468 1186 τῶν
519 1101 652 1168 νῦν
703 1097 1068 1185 παρόντων,
1099 1095 1297 1171 οὐδὲν
1351 1099 1537 1170 αἰτία
1586 1098 1805 1189 τέχνη.

941 1217 1471 1286 ΗΦΑῙΣΤΟΣ.

325 1311 614 1402 ’Έμπας
659 1318 766 1394 τὶς
813 1310 1030 1403 αυτὴν
1075 1315 1280 1395 ἄλλος
1325 1317 1577 1404 ὄφελεν
1626 1319 1873 1406 λαχεῖν.

917 1435 1418 1506 ·ΚΡΑῚὈΣ.

322 1533 626 1606 ῗΗΑπυντ
657 1533 1002 1626 εέπρᾶχθη
1047 1536 1228 1626 πλὴν
1277 1551 1485 1611 θεοῖσι
1538 1549 1889 1622 κοιρανεῖν·

334 1633 738 1726 Ἐλεύθερος
783 1637 914 1726 γὰρ
961 1638 1147 1717 οὖυις
1195 1646 1329 1712 ἐστὶ
1384 1639 1567 1730 πλήν
1620 1638 1794 1716 Διός.
2242 1637 2341 1698 '5⁰

415 1785 422 1796 ·
889 1785 896 1795 ·
945 1759 1474 1828 ΗΦΑΙΣΤΟΣ.
2024 1757 2031 1766 ’
2076 1770 2085 1786 ’
2138 1763 2148 1771 ’

245 1878 253 1889 ·
325 1853 635 1944 Ἔγνωκα
687 1863 898 1935 tole&
954 1859 1196 1928 κου’δὲν
1246 1856 1591 1932 ἀντειπεῖν
1641 1865 1782 1948 ἔχω.
1866 1881 1907 1894 ··

255 1975 486 2039 Versus
513 1977 596 2041 49
630 1999 816 2060 quum
851 1981 1050 2043 diu'in
1085 1977 1499 2063 suspicionem
1534 1989 1697 2044 esset
1731 1987 1983 2044 vocatus
2019 1985 2081 2040 ct
2110 1962 2333 2060 magno

81 2078 404 2160 multoque
450 2099 642 2161 opere
687 2088 948 2145 tentatus
992 2101 1029 2144 a
1072 2084 1215 2146 viris
1261 2085 1487 2160 doctiS,
1548 2081 1901 2165 nuperrime
1959 2064 2334 2154 exstiterunt,

83 2180 190 2260 qui
223 2183 474 2242 omnino
504 2189 718 2244 sanum
749 2203 886 2246 esse
919 2193 1260 2249 censerent.
1342 2189 1421 2249 Et
1447 2183 1701 2249 Carolus
1734 2185 1981 2264 quidem
2008 2181 2334 2245 Winckel-

84 2298 346 2343 mannus
379 2281 441 2343 in
463 2285 1066 2351 '«Observationibus
1101 2291 1162 2351 in
1197 2287 1372 2351 locos
1408 2287 1642 2370 aliquot
1668 2287 2022 2349 Promethei
2051 2282 2334 2370 Aeschy-

84 2384 239 2459 lei,»
288 2384 640 2467 Soltquellis
685 2409 739 2451 a.
776 2391 940 2454 1834
984 2393 1046 2453 in
1089 2393 1288 2454 lucem
1333 2389 1600 2465 emissiS,
1643 2383 1766 2471 p.2
1796 2411 1906 2471 sq„
1950 2389 2227 2451 versibus
2255 2382 2336 2450 49

87 2495 148 2549 et
203 2487 291 2549 50
344 2487 504 2551 hanc
557 2489 812 2554 subesse
859 2499 1082 2557 ‘censet
1141 2491 1539 2556 sententiam:
1621 2492 1891 2554 «omvn‘a
1944 2491 2335 2580 cfficiuntur,

83 2599 549 2686 praeterquam
607 2590 784 2688 quod
841 2618 884 2657 ιι
942 2594 1071 2660 diis
1125 2618 1263 2660 non
1317 2593 1628 2682 efficitur,
1700 2603 1776 2657 ut
1831 2593 1951 2656 seio
2006 2587 2336 2655 arbitratu

88 2689 536 2780 aqan1312'ber
567 2697 743 2758 enim
749 2706 1037 2782 praeter
1065 2695 1300 2762 Iovem
1335 2703 1436 2761 est
1470 2716 1716 2759 nemu.»
1808 2693 2337 2796 Constructionem

89 2817 304 2858 versus
339 2796 420 2859 219
462 2792 624 2860 hanc
669 2805 840 2862 es'se·
862 2792 1190 2869 Απανθ·’
1233 2794 1482 2884 (ἅπασι)
1531 2791 1711 2882 π’λῆν
1752 2803 1965 2866 θεοῖσι
2012 2811 2339 2881 κοιρανεῖν

88 2893 423 2988 ἐπραχθη.
509 2893 830 2964 Aoristum
860 2897 1172 3000 ἑπραχθη
1214 2923 1346 2965 rem
1392 2923 1505 2964 usu
1549 2901 1855 2984 cognitam
1897 2897 2337 2984 significantem

90 3003 287 3076 idem,
348 3003 517 3083 quod
561 2997 878 3080 duratae,
919 3006 1173 3081 valere,
1225 3005 1336 3068 sed
1381 3007 1467 3068 ita
1512 3013 1576 3066 ut
1618 3005 1721 3078 ille
1766 3025 1898 3065 rem
1943 3003 2021 3064 ad
2067 3001 2335 3064 creden-

91 3105 238 3165 dum
292 3103 528 3165 fac11101
532 3125 629 3167 em
682 3091 924 3170 reddat.
1022 3103 1142 3168 Cur
1184 3117 1519 3190 κοιρανεῖν
1572 3105 1945 3170 converterit
1986 3123 2107 3166 suo
2150 3097 2339 3165 arbi—

95 3204 508 3294 tratusaqere
540 3208 698 3272 haec
736 3213 915 3273 affert
941 3211 1521 3273 Winckelmannus:
1572 3211 1933 3290 «primum‚»
1982 3208 2082 3282 ait,
2134 3205 2339 3288 «quod

94 3328 276 3371 versu
319 3319 647 3392 sequente,
689 3315 935 3398 ‘quippe
994 3315 1097 3394 qui
1154 3312 1337 3397 hujus
1400 3329 1648 3374 causam
1705 3311 2047 3384 contineat,
2104 3307 2340 3390 Jupiter

97 3431 220 3472 non
266 3431 384 3474 rex
425 3412 538 3473 sed
583 3411 748 3477 liber
790 3435 928 3476 eam
971 3415 1169 3501 ipsam
1214 3415 1296 3477 ob
1344 3433 1622 3488 causam,
1686 3413 1830 3493 quia
1873 3411 1949 3473 de
2005 3411 2225 3472 eadem
2268 3430 2338 3472 re

95 3511 216 3574 hoc
271 3533 452 3576 versu
509 3514 733 3576 dictum
788 3517 892 3592 sit,
947 3515 1253 3600 'appellari
1296 3517 1568 3595 videtur;
1624 3513 1847 3578 deinde
1892 3512 2089 3596 quod,
2152 3532 2338 3594 quum

91 3609 372 3696 pendere
413 3615 495 3679 ab
537 3615 760 3712 aliquo
795 3615 900 3682 vel
940 3639 1045 3683 res
1085 3615 1190 3682 vel
1230 3617 1531 3684 homines
1572 3617 1695 3678 hoc
1726 3616 1985 3679 verbum
2018 3611 2353 3698 significet,'

99 3717 177 3792 is,
223 3741 266 3780 a
310 3741 438 3812 quo
480 3742 616 3782 mm
661 3718 920 3785 alienae
962 3721 1225 3812 quidem
1263 3717 1380 3785 sed
1423 3727 1644 3782 tamen
1686 3738 1847 3782 suae
1890 3738 1998 3783 res
2034 3715 2336 3803 pendent,

101 3821 179 3893 si,
239 3824 302 3884 id
346 3823 513 3904 quod
555 3823 678 3885 hoc
718 3825 860 3887 loco
905 3825 1006 3901 fit,
1069 3845 1145 3886 ex
1189 3826 1324 3906 ipsa
1365 3823 1669 3885 sententia
1710 3821 1775 3883 id
1818 3829 2105 3904 apparet,
2168 3825 2337 3883 recte

100 3923 310 3986 (licitur
350 3940 733 4010 κοιρανεῖν.»
843 3927 1069 3990 Contra
1129 3926 1544 3991 Schneiderus
1587 3923 1675 3986 sic
1733 3925 2163 4005 interpretatus
2210 3933 2334 3986 est:

105 4028 284 4088 «alles
329 4027 601 4108 geschah
647 4029 838 4111 (ward
883 4031 978 4115 dii·
1022 4051 1094 4091 zu
1131 4029 1336 4112 Thea)
1384 4043 1599 4092 ausser
1643 4027 1765 4089 den
1800 4028 2053 4090 Gottern
2097 4045 2170 4089 zu
2214 4027 2335 4087 be·-

102 4128 301 4191 fehlen
361 4129 512 4212 (was
567 4131 704 4194 blos
763 4132 872 4194 des
917 4133 1072 4194 Zeus
1117 4132 1318 4194 Sache
1375 4133 1483 4206 ist,
1541 4152 1613 4193 so
1670 4130 1813 4193 dass
1868 4129 1951 4192 du
2007 4129 2148 4191 dich
2204 4131 2335 4190 also

103 4234 249 4294 'uber
293 4235 434 4297 dein
465 4235 630 4296 Loos
667 4236 834 4297 nicht
866 4257 938 4296 zu
971 4235 1280 4318 beklagen
1313 4233 1537 4316 hast).»
1628 4232 1916 4295 Similiter
1948 4232 2336 4295 Bellmannus

100 4335 156 4392 in
212 4337 369 4398 libro
390 4384 406 4414 ,
463 4321 667 4417 'quem
740 4335 820 4398 de
874 4335 1185 4419 Aeschyli
1251 4336 1549 4401 ternione
1605 4331 1991 4399 Prometheo
2058 4332 2325 4415 scripsit,
