<?xml version="1.0" encoding="UTF-8"?>
<!DOCTYPE html PUBLIC "-//W3C//DTD XHTML 1.0 Transitional//EN"
    "http://www.w3.org/TR/xhtml1/DTD/xhtml1-transitional.dtd">
<html xmlns="http://www.w3.org/1999/xhtml" xml:lang="en" lang="en">
 <head>
  <title>
</title>
<meta http-equiv="Content-Type" content="text/html;charset=utf-8" />
  <meta name='ocr-system' content='tesseract 3.04.00' />
  <meta name='ocr-capabilities' content='ocr_page ocr_carea ocr_par ocr_line ocrx_word'/>
</head>
<body>
  <div class='ocr_page' id='page_1' title='image "./adversariainaea04wiesgoog_0087.png"; bbox 0 0 2759 5084; ppageno 0'>
   <div class='ocr_carea' id='block_1_1' title="bbox 35 2452 40 2667">
    <p class='ocr_par' dir='ltr' id='par_1_1' title="bbox 35 2452 40 2667">
     <span class='ocr_line' id='line_1_1' title="bbox 35 2452 40 2667; baseline 0 2417"><span class='ocrx_word' id='word_1_1' title='bbox 35 2452 40 2667; x_wconf 95' lang='lat' dir='ltr'><strong> </strong></span> 
     </span>
    </p>
   </div>
   <div class='ocr_carea' id='block_1_2' title="bbox 37 2670 42 2905">
    <p class='ocr_par' dir='ltr' id='par_1_2' title="bbox 37 2670 42 2905">
     <span class='ocr_line' id='line_1_2' title="bbox 37 2670 42 2905; baseline 0 2179"><span class='ocrx_word' id='word_1_2' title='bbox 37 2670 42 2905; x_wconf 95' lang='lat' dir='ltr'><strong> </strong></span> 
     </span>
    </p>
   </div>
   <div class='ocr_carea' id='block_1_3' title="bbox 39 3000 42 3185">
    <p class='ocr_par' dir='ltr' id='par_1_3' title="bbox 39 3000 42 3185">
     <span class='ocr_line' id='line_1_3' title="bbox 39 3000 42 3185; baseline 0 0"><span class='ocrx_word' id='word_1_3' title='bbox 39 3000 42 3185; x_wconf 95' lang='lat' dir='ltr'><strong> </strong></span> 
     </span>
    </p>
   </div>
   <div class='ocr_carea' id='block_1_4' title="bbox 1034 242 1451 306">
    <p class='ocr_par' dir='ltr' id='par_1_4' title="bbox 1034 242 1451 306">
     <span class='ocr_line' id='line_1_4' title="bbox 1034 242 1451 306; baseline 0.005 -17"><span class='ocrx_word' id='word_1_4' title='bbox 1034 242 1451 306; x_wconf 73' lang='lat'><strong>...73-</strong></span> 
     </span>
    </p>
   </div>
   <div class='ocr_carea' id='block_1_5' title="bbox 295 408 2360 919">
    <p class='ocr_par' dir='ltr' id='par_1_5' title="bbox 295 408 2360 919">
     <span class='ocr_line' id='line_1_5' title="bbox 960 408 1544 478; baseline -0.01 0"><span class='ocrx_word' id='word_1_5' title='bbox 960 408 1544 478; x_wconf 77' lang='grc' dir='ltr'><em>ΕΥΒΛΠΙΔΗΣ.</em></span> 
     </span>
     <span class='ocr_line' id='line_1_6' title="bbox 295 506 2360 597; baseline 0.002 -22"><span class='ocrx_word' id='word_1_6' title='bbox 295 508 627 595; x_wconf 73' lang='grc' dir='ltr'><strong><em>Κειρῦλος</em></strong></span> <span class='ocrx_word' id='word_1_7' title='bbox 664 506 794 596; x_wconf 73' lang='grc' dir='ltr'><strong>γάρ</strong></span> <span class='ocrx_word' id='word_1_8' title='bbox 834 516 1013 579; x_wconf 73' lang='grc' dir='ltr'><strong><em>ἐστιν</em></strong></span> <span class='ocrx_word' id='word_1_9' title='bbox 1058 511 1285 597; x_wconf 71' lang='grc' dir='ltr'><strong><em>ὄρνιςς</em></strong></span> <span class='ocrx_word' id='word_1_10' title='bbox 2237 514 2360 579; x_wconf 80' lang='grc'><strong>300</strong></span> 
     </span>
     <span class='ocr_line' id='line_1_7' title="bbox 861 628 1623 697; baseline -0.005 -1"><span class='ocrx_word' id='word_1_11' title='bbox 861 628 1623 697; x_wconf 78' lang='grc' dir='ltr'><em>ΠΕῙΣΘΕΤΑῙΡΟΣ.</em></span> 
     </span>
     <span class='ocr_line' id='line_1_8' title="bbox 1266 724 2170 819; baseline 0.002 -22"><span class='ocrx_word' id='word_1_12' title='bbox 1266 724 1377 798; x_wconf 66' lang='lat' dir='ltr'><strong>Or}</strong></span> <span class='ocrx_word' id='word_1_13' title='bbox 1413 726 1540 816; x_wconf 68' lang='grc' dir='ltr'><strong>γάρ</strong></span> <span class='ocrx_word' id='word_1_14' title='bbox 1581 736 1715 797; x_wconf 78' lang='grc' dir='ltr'><strong><em>ἐστι</em></strong></span> <span class='ocrx_word' id='word_1_15' title='bbox 1765 734 2170 819; x_wconf 74' lang='grc' dir='ltr'><strong><em>Σποργίλοςς</em></strong></span> 
     </span>
     <span class='ocr_line' id='line_1_9' title="bbox 299 824 961 919; baseline 0 -22"><span class='ocrx_word' id='word_1_16' title='bbox 299 824 565 915; x_wconf 70' lang='grc' dir='ltr'><strong>Χαῦτηί</strong></span> <span class='ocrx_word' id='word_1_17' title='bbox 602 854 677 917; x_wconf 73' lang='grc' dir='ltr'><strong>γε</strong></span> <span class='ocrx_word' id='word_1_18' title='bbox 726 837 961 919; x_wconf 73' lang='grc' dir='ltr'><strong><em>γλαῦξ.</em></strong></span> 
     </span>
    </p>
   </div>
   <div class='ocr_carea' id='block_1_6' title="bbox 832 949 2328 1243">
    <p class='ocr_par' dir='ltr' id='par_1_6' title="bbox 832 949 2328 1243">
     <span class='ocr_line' id='line_1_10' title="bbox 949 949 1535 1020; baseline -0.002 0"><span class='ocrx_word' id='word_1_19' title='bbox 949 949 1535 1020; x_wconf 84' lang='grc' dir='ltr'><em>ΕΥΕΛΠῙΔΗΣ.</em></span> 
     </span>
     <span class='ocr_line' id='line_1_11' title="bbox 832 1047 2235 1147; baseline 0.002 -24"><span class='ocrx_word' id='word_1_20' title='bbox 832 1055 923 1123; x_wconf 81' lang='grc' dir='ltr'><strong>Τι’</strong></span> <span class='ocrx_word' id='word_1_21' title='bbox 960 1055 1120 1144; x_wconf 70' lang='grc' dir='ltr'><strong>φῇςς</strong></span> <span class='ocrx_word' id='word_1_22' title='bbox 1187 1056 1306 1131; x_wconf 75' lang='grc' dir='ltr'><strong>Τίς</strong></span> <span class='ocrx_word' id='word_1_23' title='bbox 1346 1052 1578 1140; x_wconf 75' lang='grc' dir='ltr'><strong><em>γλαῦκ’</em></strong></span> <span class='ocrx_word' id='word_1_24' title='bbox 1619 1047 1950 1141; x_wconf 74' lang='grc' dir='ltr'><strong>Ἀθήναζ’</strong></span> <span class='ocrx_word' id='word_1_25' title='bbox 1992 1054 2235 1147; x_wconf 52' lang='grc' dir='ltr'><em>ἤγαγες</em></span> 
     </span>
     <span class='ocr_line' id='line_1_12' title="bbox 868 1166 2328 1243; baseline 0 -1"><span class='ocrx_word' id='word_1_26' title='bbox 868 1174 1628 1243; x_wconf 86' lang='grc' dir='ltr'><em>ΠΕῙΣΘΕΤΑΙΡΟΣ.</em></span> <span class='ocrx_word' id='word_1_27' title='bbox 2257 1166 2264 1180; x_wconf 76' lang='grc'><strong>“</strong></span> <span class='ocrx_word' id='word_1_28' title='bbox 2321 1181 2328 1189; x_wconf 91' lang='grc'><strong>’</strong></span> 
     </span>
    </p>
   </div>
   <div class='ocr_carea' id='block_1_7' title="bbox 290 1269 2268 1573">
    <p class='ocr_par' dir='ltr' id='par_1_7' title="bbox 290 1269 2268 1573">
     <span class='ocr_line' id='line_1_13' title="bbox 290 1269 2236 1367; baseline 0.002 -22"><span class='ocrx_word' id='word_1_29' title='bbox 290 1276 534 1359; x_wconf 67' lang='lat' dir='ltr'><strong>Kirra,</strong></span> <span class='ocrx_word' id='word_1_30' title='bbox 575 1269 848 1365; x_wconf 70' lang='grc' dir='ltr'><strong><em>τρυγών,</em></strong></span> <span class='ocrx_word' id='word_1_31' title='bbox 886 1273 1173 1363; x_wconf 72' lang='grc' dir='ltr'><strong><em>κορυδός,</em></strong></span> <span class='ocrx_word' id='word_1_32' title='bbox 1212 1280 1424 1358; x_wconf 77' lang='grc' dir='ltr'><strong><em>ἐλεᾶς,</em></strong></span> <span class='ocrx_word' id='word_1_33' title='bbox 1455 1272 1831 1363; x_wconf 72' lang='grc' dir='ltr'><strong>ὑποθυμίς,</strong></span> <span class='ocrx_word' id='word_1_34' title='bbox 1863 1276 2236 1367; x_wconf 74' lang='grc' dir='ltr'><strong><em>περιστερά,</em></strong></span> 
     </span>
     <span class='ocr_line' id='line_1_14' title="bbox 292 1373 2268 1471; baseline 0.002 -27"><span class='ocrx_word' id='word_1_35' title='bbox 292 1380 542 1465; x_wconf 75' lang='grc' dir='ltr'><strong><em>νέρτος,</em></strong></span> <span class='ocrx_word' id='word_1_36' title='bbox 573 1384 770 1467; x_wconf 78' lang='grc' dir='ltr'><em>ἱέραξ,</em></span> <span class='ocrx_word' id='word_1_37' title='bbox 807 1380 1051 1467; x_wconf 77' lang='grc' dir='ltr'><strong><em>φάττα,</em></strong></span> <span class='ocrx_word' id='word_1_38' title='bbox 1097 1373 1344 1461; x_wconf 79' lang='grc' dir='ltr'><strong><em>κόκκυξ,</em></strong></span> <span class='ocrx_word' id='word_1_39' title='bbox 1371 1378 1811 1467; x_wconf 77' lang='grc' dir='ltr'><strong><em>ἐρυθρόπους,</em></strong></span> <span class='ocrx_word' id='word_1_40' title='bbox 1845 1374 2268 1471; x_wconf 75' lang='grc' dir='ltr'><strong><em>κεβλήπυρις,</em></strong></span> 
     </span>
     <span class='ocr_line' id='line_1_15' title="bbox 292 1476 2191 1573; baseline 0.004 -27"><span class='ocrx_word' id='word_1_41' title='bbox 292 1484 637 1569; x_wconf 73' lang='grc' dir='ltr'><em>πορφυρίς,</em></span> <span class='ocrx_word' id='word_1_42' title='bbox 662 1482 947 1573; x_wconf 74' lang='grc' dir='ltr'><strong>κερχνῄς,</strong></span> <span class='ocrx_word' id='word_1_43' title='bbox 980 1482 1331 1568; x_wconf 75' lang='grc' dir='ltr'><strong><em>κολυμβίς,</em></strong></span> <span class='ocrx_word' id='word_1_44' title='bbox 1368 1482 1676 1571; x_wconf 78' lang='grc' dir='ltr'><strong>οἶμπελίς,</strong></span> <span class='ocrx_word' id='word_1_45' title='bbox 1715 1476 1914 1569; x_wconf 77' lang='grc' dir='ltr'><strong>φῆνη,</strong></span> <span class='ocrx_word' id='word_1_46' title='bbox 1957 1479 2191 1571; x_wconf 75' lang='grc' dir='ltr'><em>δρύοψ·</em></span> 
     </span>
    </p>
   </div>
   <div class='ocr_carea' id='block_1_8' title="bbox 132 1684 2358 2195">
    <p class='ocr_par' dir='ltr' id='par_1_8' title="bbox 136 1684 2356 1756">
     <span class='ocr_line' id='line_1_16' title="bbox 136 1684 2356 1756; baseline 0.003 -22"><span class='ocrx_word' id='word_1_47' title='bbox 136 1686 361 1735; x_wconf 81' lang='lat' dir='ltr'><strong>Breviter</strong></span> <span class='ocrx_word' id='word_1_48' title='bbox 399 1684 578 1752; x_wconf 78' lang='lat' dir='ltr'><strong>agitur</strong></span> <span class='ocrx_word' id='word_1_49' title='bbox 625 1684 691 1733; x_wconf 89' lang='lat' dir='ltr'><strong>de</strong></span> <span class='ocrx_word' id='word_1_50' title='bbox 733 1701 815 1743; x_wconf 79' lang='lat' dir='ltr'><strong>ea,</strong></span> <span class='ocrx_word' id='word_1_51' title='bbox 854 1702 987 1751; x_wconf 80' lang='lat' dir='ltr'><strong>quae</strong></span> <span class='ocrx_word' id='word_1_52' title='bbox 1036 1693 1259 1737; x_wconf 74' lang='lat' dir='ltr'><strong>vocatur</strong></span> <span class='ocrx_word' id='word_1_53' title='bbox 1313 1688 1518 1746; x_wconf 80' lang='grc' dir='ltr'><strong><em>εἶςοδος.</em></strong></span> <span class='ocrx_word' id='word_1_54' title='bbox 1599 1688 1670 1741; x_wconf 86' lang='lat' dir='ltr'><strong>Ut</strong></span> <span class='ocrx_word' id='word_1_55' title='bbox 1704 1694 1977 1756; x_wconf 79' lang='lat' dir='ltr'><strong>appareat,</strong></span> <span class='ocrx_word' id='word_1_56' title='bbox 2039 1705 2136 1756; x_wconf 87' lang='lat' dir='ltr'><strong>per</strong></span> <span class='ocrx_word' id='word_1_57' title='bbox 2188 1695 2356 1741; x_wconf 77' lang='lat' dir='ltr'><strong>utram</strong></span> 
     </span>
    </p>

    <p class='ocr_par' dir='ltr' id='par_1_9' title="bbox 132 1774 2356 1844">
     <span class='ocr_line' id='line_1_17' title="bbox 132 1774 2356 1844; baseline 0.001 -19"><span class='ocrx_word' id='word_1_58' title='bbox 132 1782 325 1843; x_wconf 80' lang='lat' dir='ltr'><strong>portam</strong></span> <span class='ocrx_word' id='word_1_59' title='bbox 365 1774 561 1825; x_wconf 70' lang='lat' dir='ltr'><strong>chorus</strong></span> <span class='ocrx_word' id='word_1_60' title='bbox 605 1774 680 1823; x_wconf 75' lang='lat' dir='ltr'><strong>sit</strong></span> <span class='ocrx_word' id='word_1_61' title='bbox 730 1775 1000 1841; x_wconf 75' lang='lat' dir='ltr'><strong>ingressus</strong></span> <span class='ocrx_word' id='word_1_62' title='bbox 1057 1777 1113 1825; x_wconf 89' lang='lat' dir='ltr'><strong>in</strong></span> <span class='ocrx_word' id='word_1_63' title='bbox 1166 1776 1526 1837; x_wconf 73' lang='lat' dir='ltr'><strong>orchestram,</strong></span> <span class='ocrx_word' id='word_1_64' title='bbox 1590 1776 1864 1844; x_wconf 75' lang='lat' dir='ltr'><strong>quaeritur</strong></span> <span class='ocrx_word' id='word_1_65' title='bbox 1911 1778 1978 1825; x_wconf 86' lang='lat' dir='ltr'><strong>de</strong></span> <span class='ocrx_word' id='word_1_66' title='bbox 2037 1775 2192 1836; x_wconf 83' lang='lat' dir='ltr'><strong>loco,</strong></span> <span class='ocrx_word' id='word_1_67' title='bbox 2251 1794 2356 1843; x_wconf 85' lang='lat' dir='ltr'><strong>quo</strong></span> 
     </span>
    </p>

    <p class='ocr_par' dir='ltr' id='par_1_10' title="bbox 134 1862 2354 1933">
     <span class='ocr_line' id='line_1_18' title="bbox 134 1862 2354 1933; baseline 0.003 -21"><span class='ocrx_word' id='word_1_68' title='bbox 134 1865 211 1931; x_wconf 72' lang='lat' dir='ltr'><strong>agi</strong></span> <span class='ocrx_word' id='word_1_69' title='bbox 244 1862 381 1913; x_wconf 80' lang='lat' dir='ltr'><strong>hanc</strong></span> <span class='ocrx_word' id='word_1_70' title='bbox 419 1862 655 1912; x_wconf 75' lang='lat' dir='ltr'><strong>fabulam</strong></span> <span class='ocrx_word' id='word_1_71' title='bbox 704 1862 1147 1933; x_wconf 67' lang='lat' dir='ltr'><strong>fingatur-‘deque</strong></span> <span class='ocrx_word' id='word_1_72' title='bbox 1172 1867 1361 1933; x_wconf 69' lang='lat' dir='ltr'><strong>patriar</strong></span> <span class='ocrx_word' id='word_1_73' title='bbox 1393 1866 1568 1917; x_wconf 70' lang='lat' dir='ltr'><strong>avium</strong></span> <span class='ocrx_word' id='word_1_74' title='bbox 1587 1903 1603 1927; x_wconf 91' lang='lat'><strong>,</strong></span> <span class='ocrx_word' id='word_1_75' title='bbox 1665 1882 1800 1933; x_wconf 77' lang='lat' dir='ltr'><strong>quae</strong></span> <span class='ocrx_word' id='word_1_76' title='bbox 1837 1864 2056 1917; x_wconf 70' lang='lat' dir='ltr'><strong>chorum</strong></span> <span class='ocrx_word' id='word_1_77' title='bbox 2093 1863 2354 1919; x_wconf 70' lang='lat' dir='ltr'><strong>efficiunt.</strong></span> 
     </span>
    </p>

    <p class='ocr_par' dir='ltr' id='par_1_11' title="bbox 136 1951 2358 2025">
     <span class='ocr_line' id='line_1_19' title="bbox 136 1951 2358 2025; baseline 0.003 -26"><span class='ocrx_word' id='word_1_78' title='bbox 136 1951 193 2001; x_wconf 81' lang='lat' dir='ltr'><strong>ln</strong></span> <span class='ocrx_word' id='word_1_79' title='bbox 222 1956 536 2003; x_wconf 55' lang='lat' dir='ltr'><strong>&amp;succursu</strong></span> <span class='ocrx_word' id='word_1_80' title='bbox 573 1966 693 1999; x_wconf 86' lang='lat' dir='ltr'><strong>cum</strong></span> <span class='ocrx_word' id='word_1_81' title='bbox 728 1951 838 2000; x_wconf 74' lang='lat' dir='ltr'><strong>alia</strong></span> <span class='ocrx_word' id='word_1_82' title='bbox 874 1953 1211 2021; x_wconf 72' lang='lat' dir='ltr'><strong>explicantur</strong></span> <span class='ocrx_word' id='word_1_83' title='bbox 1243 1970 1307 2007; x_wconf 81' lang='lat' dir='ltr'><strong>cx</strong></span> <span class='ocrx_word' id='word_1_84' title='bbox 1340 1954 1519 2007; x_wconf 69' lang='lat' dir='ltr'><strong>verbi·</strong></span> <span class='ocrx_word' id='word_1_85' title='bbox 1551 1960 1744 2025; x_wconf 79' lang='lat' dir='ltr'><strong>poetae</strong></span> <span class='ocrx_word' id='word_1_86' title='bbox 1789 1971 1950 2023; x_wconf 77' lang='lat' dir='ltr'><strong>supra</strong></span> <span class='ocrx_word' id='word_1_87' title='bbox 1994 1960 2358 2022; x_wconf 69' lang='lat' dir='ltr'><strong>repraesenta·</strong></span> 
     </span>
    </p>

    <p class='ocr_par' dir='ltr' id='par_1_12' title="bbox 134 2036 2356 2195">
     <span class='ocr_line' id='line_1_20' title="bbox 134 2036 2356 2111; baseline 0.002 -22"><span class='ocrx_word' id='word_1_88' title='bbox 134 2039 219 2099; x_wconf 71' lang='lat' dir='ltr'><strong>tis,</strong></span> <span class='ocrx_word' id='word_1_89' title='bbox 251 2045 365 2089; x_wconf 80' lang='lat' dir='ltr'><strong>tum</strong></span> <span class='ocrx_word' id='word_1_90' title='bbox 406 2036 743 2097; x_wconf 70' lang='lat' dir='ltr'><strong>ostenditur,</strong></span> <span class='ocrx_word' id='word_1_91' title='bbox 794 2056 890 2099; x_wconf 73' lang='lat' dir='ltr'><strong>ea,</strong></span> <span class='ocrx_word' id='word_1_92' title='bbox 938 2040 1132 2107; x_wconf 75' lang='lat' dir='ltr'><strong>quihus</strong></span> <span class='ocrx_word' id='word_1_93' title='bbox 1167 2042 1384 2093; x_wconf 72' lang='lat' dir='ltr'><strong>nomina</strong></span> <span class='ocrx_word' id='word_1_94' title='bbox 1419 2042 1748 2111; x_wconf 73' lang='lat' dir='ltr'><strong>singularum</strong></span> <span class='ocrx_word' id='word_1_95' title='bbox 1783 2043 1959 2093; x_wconf 82' lang='lat' dir='ltr'><strong>avium</strong></span> <span class='ocrx_word' id='word_1_96' title='bbox 1993 2042 2356 2102; x_wconf 82' lang='lat' dir='ltr'><strong>continentur,</strong></span> 
     </span>
     <span class='ocr_line' id='line_1_21' title="bbox 507 2122 1948 2195; baseline 0.003 -20"><span class='ocrx_word' id='word_1_97' title='bbox 507 2141 614 2176; x_wconf 87' lang='lat' dir='ltr'><strong>non</strong></span> <span class='ocrx_word' id='word_1_98' title='bbox 650 2122 873 2195; x_wconf 77' lang='lat' dir='ltr'><strong>Upupne</strong></span> <span class='ocrx_word' id='word_1_99' title='bbox 912 2143 1025 2177; x_wconf 77' lang='lat' dir='ltr'><strong>esse</strong></span> <span class='ocrx_word' id='word_1_100' title='bbox 1078 2128 1399 2191; x_wconf 73' lang='lat' dir='ltr'><strong>tribuenda,</strong></span> <span class='ocrx_word' id='word_1_101' title='bbox 1449 2131 1545 2181; x_wconf 80' lang='lat' dir='ltr'><strong>scd</strong></span> <span class='ocrx_word' id='word_1_102' title='bbox 1597 2130 1948 2181; x_wconf 76' lang='lat' dir='ltr'><strong>Pisthetaero.</strong></span> 
     </span>
    </p>
   </div>
   <div class='ocr_carea' id='block_1_9' title="bbox 39 2249 2356 4383">
    <p class='ocr_par' dir='ltr' id='par_1_13' title="bbox 39 2249 2356 4383">
     <span class='ocr_line' id='line_1_22' title="bbox 284 2249 2356 2331; baseline 0.002 -21"><span class='ocrx_word' id='word_1_103' title='bbox 284 2250 463 2325; x_wconf 82' lang='lat' dir='ltr'><strong>Quae</strong></span> <span class='ocrx_word' id='word_1_104' title='bbox 504 2250 609 2313; x_wconf 77' lang='lat' dir='ltr'><strong>Vs·</strong></span> <span class='ocrx_word' id='word_1_105' title='bbox 650 2249 775 2311; x_wconf 81' lang='lat'><strong>296</strong></span> <span class='ocrx_word' id='word_1_106' title='bbox 818 2259 1335 2315; x_wconf 81' lang='lat' dir='ltr'><strong>commemoratur</strong></span> <span class='ocrx_word' id='word_1_107' title='bbox 1376 2252 1658 2331; x_wconf 74' lang='grc' dir='ltr'><strong>εἴςοδος,</strong></span> <span class='ocrx_word' id='word_1_108' title='bbox 1711 2253 1946 2316; x_wconf 86' lang='lat' dir='ltr'><strong>aditum</strong></span> <span class='ocrx_word' id='word_1_109' title='bbox 2001 2253 2356 2319; x_wconf 76' lang='lat' dir='ltr'><strong>orchestrae</strong></span> 
     </span>
     <span class='ocr_line' id='line_1_23' title="bbox 127 2352 2352 2438; baseline 0.002 -25"><span class='ocrx_word' id='word_1_110' title='bbox 127 2354 441 2417; x_wconf 79' lang='lat' dir='ltr'><strong>lateralem</strong></span> <span class='ocrx_word' id='word_1_111' title='bbox 506 2372 645 2415; x_wconf 89' lang='lat' dir='ltr'><strong>esse</strong></span> <span class='ocrx_word' id='word_1_112' title='bbox 714 2352 1211 2435; x_wconf 79' lang='lat' dir='ltr'><strong>intelligendum,</strong></span> <span class='ocrx_word' id='word_1_113' title='bbox 1279 2358 1385 2418; x_wconf 81' lang='lat' dir='ltr'><strong>vix</strong></span> <span class='ocrx_word' id='word_1_114' title='bbox 1447 2365 1541 2418; x_wconf 88' lang='lat' dir='ltr'><strong>est</strong></span> <span class='ocrx_word' id='word_1_115' title='bbox 1604 2357 1774 2438; x_wconf 84' lang='lat' dir='ltr'><strong>quod</strong></span> <span class='ocrx_word' id='word_1_116' title='bbox 1834 2376 2142 2419; x_wconf 85' lang='lat' dir='ltr'><strong>moneam.</strong></span> <span class='ocrx_word' id='word_1_117' title='bbox 2227 2356 2352 2419; x_wconf 91' lang='lat' dir='ltr'><strong>Sed</strong></span> 
     </span>
     <span class='ocr_line' id='line_1_24' title="bbox 130 2456 2351 2541; baseline 0 -22"><span class='ocrx_word' id='word_1_118' title='bbox 130 2456 508 2541; x_wconf 78' lang='lat' dir='ltr'><strong>dignissima,</strong></span> <span class='ocrx_word' id='word_1_119' title='bbox 578 2475 737 2536; x_wconf 90' lang='lat' dir='ltr'><strong>quae</strong></span> <span class='ocrx_word' id='word_1_120' title='bbox 782 2456 1147 2533; x_wconf 78' lang='lat' dir='ltr'><strong>adnotetur,</strong></span> <span class='ocrx_word' id='word_1_121' title='bbox 1189 2458 1348 2520; x_wconf 84' lang='lat' dir='ltr'><strong>haec</strong></span> <span class='ocrx_word' id='word_1_122' title='bbox 1411 2478 1509 2519; x_wconf 87' lang='lat' dir='ltr'><strong>res</strong></span> <span class='ocrx_word' id='word_1_123' title='bbox 1577 2465 1690 2520; x_wconf 88' lang='lat' dir='ltr'><strong>est.</strong></span> <span class='ocrx_word' id='word_1_124' title='bbox 1772 2456 1872 2518; x_wconf 90' lang='lat' dir='ltr'><strong>Illi</strong></span> <span class='ocrx_word' id='word_1_125' title='bbox 1925 2456 2084 2519; x_wconf 89' lang='lat' dir='ltr'><strong>enim</strong></span> <span class='ocrx_word' id='word_1_126' title='bbox 2130 2457 2351 2533; x_wconf 78' lang='lat' dir='ltr'><strong>aditu8‚</strong></span> 
     </span>
     <span class='ocr_line' id='line_1_25' title="bbox 129 2558 2354 2640; baseline -0.002 -17"><span class='ocrx_word' id='word_1_127' title='bbox 129 2580 307 2640; x_wconf 79' lang='lat' dir='ltr'><strong>quum</strong></span> <span class='ocrx_word' id='word_1_128' title='bbox 346 2561 509 2622; x_wconf 88' lang='lat' dir='ltr'><strong>inter</strong></span> <span class='ocrx_word' id='word_1_129' title='bbox 548 2560 773 2623; x_wconf 87' lang='lat' dir='ltr'><strong>rudera</strong></span> <span class='ocrx_word' id='word_1_130' title='bbox 826 2558 1215 2638; x_wconf 82' lang='lat' dir='ltr'><strong>quorundam</strong></span> <span class='ocrx_word' id='word_1_131' title='bbox 1260 2560 1640 2623; x_wconf 78' lang='lat' dir='ltr'><strong>theatrorum</strong></span> <span class='ocrx_word' id='word_1_132' title='bbox 1680 2567 1955 2621; x_wconf 82' lang='lat' dir='ltr'><strong>veterum</strong></span> <span class='ocrx_word' id='word_1_133' title='bbox 2013 2558 2077 2619; x_wconf 89' lang='lat' dir='ltr'><strong>in</strong></span> <span class='ocrx_word' id='word_1_134' title='bbox 2118 2565 2354 2621; x_wconf 88' lang='lat' dir='ltr'><strong>tantum</strong></span> 
     </span>
     <span class='ocr_line' id='line_1_26' title="bbox 126 2660 2350 2743; baseline 0 -20"><span class='ocrx_word' id='word_1_135' title='bbox 126 2662 275 2725; x_wconf 90' lang='lat' dir='ltr'><strong>hene</strong></span> <span class='ocrx_word' id='word_1_136' title='bbox 322 2664 575 2743; x_wconf 83' lang='lat' dir='ltr'><strong>agnosci</strong></span> <span class='ocrx_word' id='word_1_137' title='bbox 615 2661 886 2743; x_wconf 84' lang='lat' dir='ltr'><strong>possint,</strong></span> <span class='ocrx_word' id='word_1_138' title='bbox 926 2666 1035 2736; x_wconf 71' lang='lat' dir='ltr'><strong>ut,</strong></span> <span class='ocrx_word' id='word_1_139' title='bbox 1070 2670 1301 2742; x_wconf 86' lang='lat' dir='ltr'><strong>quanta</strong></span> <span class='ocrx_word' id='word_1_140' title='bbox 1340 2661 1666 2725; x_wconf 82' lang='lat' dir='ltr'><strong>latitudine</strong></span> <span class='ocrx_word' id='word_1_141' title='bbox 1710 2660 1970 2737; x_wconf 80' lang='lat' dir='ltr'><strong>fuerint,</strong></span> <span class='ocrx_word' id='word_1_142' title='bbox 2025 2660 2178 2723; x_wconf 87' lang='lat' dir='ltr'><strong>satis</strong></span> <span class='ocrx_word' id='word_1_143' title='bbox 2235 2678 2350 2723; x_wconf 85' lang='lat' dir='ltr'><strong>ac-</strong></span> 
     </span>
     <span class='ocr_line' id='line_1_27' title="bbox 127 2764 2352 2851; baseline 0 -25"><span class='ocrx_word' id='word_1_144' title='bbox 127 2772 331 2828; x_wconf 86' lang='lat' dir='ltr'><strong>curate</strong></span> <span class='ocrx_word' id='word_1_145' title='bbox 371 2765 562 2827; x_wconf 87' lang='lat' dir='ltr'><strong>liceat</strong></span> <span class='ocrx_word' id='word_1_146' title='bbox 600 2764 956 2840; x_wconf 83' lang='lat' dir='ltr'><strong>aestimare,</strong></span> <span class='ocrx_word' id='word_1_147' title='bbox 1000 2784 1125 2845; x_wconf 89' lang='lat' dir='ltr'><strong>quo</strong></span> <span class='ocrx_word' id='word_1_148' title='bbox 1169 2765 1248 2828; x_wconf 91' lang='lat' dir='ltr'><strong>de</strong></span> <span class='ocrx_word' id='word_1_149' title='bbox 1291 2766 1401 2827; x_wconf 82' lang='lat' dir='ltr'><strong>cfr.</strong></span> <span class='ocrx_word' id='word_1_150' title='bbox 1445 2782 1606 2851; x_wconf 86' lang='lat' dir='ltr'><strong>quae</strong></span> <span class='ocrx_word' id='word_1_151' title='bbox 1647 2764 1996 2845; x_wconf 85' lang='lat' dir='ltr'><strong>nuperrime</strong></span> <span class='ocrx_word' id='word_1_152' title='bbox 2043 2764 2352 2827; x_wconf 84' lang='lat' dir='ltr'><strong>Strackius</strong></span> 
     </span>
     <span class='ocr_line' id='line_1_28' title="bbox 39 2865 2355 2950; baseline -0.001 -21"><span class='ocrx_word' id='word_1_153' title='bbox 39 2920 41 2937; x_wconf 38' lang='grc' dir='ltr'><strong>ἱ</strong></span> <span class='ocrx_word' id='word_1_154' title='bbox 124 2868 360 2931; x_wconf 88' lang='lat' dir='ltr'><strong>monuit</strong></span> <span class='ocrx_word' id='word_1_155' title='bbox 414 2867 585 2943; x_wconf 87' lang='lat' dir='ltr'><strong>libri,</strong></span> <span class='ocrx_word' id='word_1_156' title='bbox 644 2867 749 2947; x_wconf 84' lang='lat' dir='ltr'><strong>qui</strong></span> <span class='ocrx_word' id='word_1_157' title='bbox 808 2866 1161 2929; x_wconf 83' lang='lat' dir='ltr'><strong>inscribitur</strong></span> <span class='ocrx_word' id='word_1_158' title='bbox 1222 2869 1373 2931; x_wconf 80' lang='lat' dir='ltr'><strong>»das</strong></span> <span class='ocrx_word' id='word_1_159' title='bbox 1440 2865 1926 2950; x_wconf 80' lang='lat' dir='ltr'><strong>Altgriechische</strong></span> <span class='ocrx_word' id='word_1_160' title='bbox 1969 2865 2355 2947; x_wconf 82' lang='lat' dir='ltr'><strong>Theaterge-</strong></span> 
     </span>
     <span class='ocr_line' id='line_1_29' title="bbox 39 2966 2355 3049; baseline 0.002 -22"><span class='ocrx_word' id='word_1_161' title='bbox 39 2992 41 2995; x_wconf 50' lang='lat'>&gt;</span> <span class='ocrx_word' id='word_1_162' title='bbox 126 2969 385 3045; x_wconf 71' lang='lat' dir='ltr'><strong>hande»,</strong></span> <span class='ocrx_word' id='word_1_163' title='bbox 448 2989 510 3049; x_wconf 88' lang='lat' dir='ltr'><strong>p.</strong></span> <span class='ocrx_word' id='word_1_164' title='bbox 550 2970 611 3045; x_wconf 78' lang='lat'><strong>4,</strong></span> <span class='ocrx_word' id='word_1_165' title='bbox 677 2967 757 3031; x_wconf 90' lang='lat' dir='ltr'><strong>de</strong></span> <span class='ocrx_word' id='word_1_166' title='bbox 799 2966 1205 3031; x_wconf 85' lang='lat' dir='ltr'><strong>celeberrimo</strong></span> <span class='ocrx_word' id='word_1_167' title='bbox 1274 2969 1388 3032; x_wconf 89' lang='lat' dir='ltr'><strong>illo</strong></span> <span class='ocrx_word' id='word_1_168' title='bbox 1443 2968 1818 3032; x_wconf 84' lang='lat' dir='ltr'><strong>Athenarum</strong></span> <span class='ocrx_word' id='word_1_169' title='bbox 1881 2967 2048 3030; x_wconf 87' lang='lat' dir='ltr'><strong>urbis</strong></span> <span class='ocrx_word' id='word_1_170' title='bbox 2091 2967 2355 3043; x_wconf 86' lang='lat' dir='ltr'><strong>theatro,</strong></span> 
     </span>
     <span class='ocr_line' id='line_1_30' title="bbox 124 3069 2354 3155; baseline 0 -24"><span class='ocrx_word' id='word_1_171' title='bbox 124 3070 267 3133; x_wconf 89' lang='lat' dir='ltr'><strong>nihil</strong></span> <span class='ocrx_word' id='word_1_172' title='bbox 334 3069 643 3155; x_wconf 75' lang='lat' dir='ltr'><strong>ejusmodi</strong></span> <span class='ocrx_word' id='word_1_173' title='bbox 704 3076 947 3133; x_wconf 88' lang='lat' dir='ltr'><strong>constat</strong></span> <span class='ocrx_word' id='word_1_174' title='bbox 998 3070 1265 3135; x_wconf 79' lang='lat' dir='ltr'><strong>aliunde.</strong></span> <span class='ocrx_word' id='word_1_175' title='bbox 1349 3076 1484 3135; x_wconf 85' lang='lat' dir='ltr'><strong>Jam</strong></span> <span class='ocrx_word' id='word_1_176' title='bbox 1551 3092 1628 3137; x_wconf 86' lang='lat' dir='ltr'><strong>ex</strong></span> <span class='ocrx_word' id='word_1_177' title='bbox 1682 3071 1792 3133; x_wconf 89' lang='lat' dir='ltr'><strong>illo</strong></span> <span class='ocrx_word' id='word_1_178' title='bbox 1836 3070 1982 3133; x_wconf 93' lang='lat' dir='ltr'><strong>loco</strong></span> <span class='ocrx_word' id='word_1_179' title='bbox 2045 3070 2354 3146; x_wconf 74' lang='lat' dir='ltr'><strong>discimuS,</strong></span> 
     </span>
     <span class='ocr_line' id='line_1_31' title="bbox 39 3171 2354 3254; baseline 0 -20"><span class='ocrx_word' id='word_1_180' title='bbox 39 3188 41 3197; x_wconf 89' lang='lat'><em>·</em></span> <span class='ocrx_word' id='word_1_181' title='bbox 126 3172 321 3236; x_wconf 81' lang='lat' dir='ltr'><strong>aditus</strong></span> <span class='ocrx_word' id='word_1_182' title='bbox 364 3171 509 3235; x_wconf 88' lang='lat' dir='ltr'><strong>illos</strong></span> <span class='ocrx_word' id='word_1_183' title='bbox 550 3171 841 3235; x_wconf 82' lang='lat' dir='ltr'><strong>laterales</strong></span> <span class='ocrx_word' id='word_1_184' title='bbox 883 3173 949 3234; x_wconf 84' lang='lat' dir='ltr'><strong>in</strong></span> <span class='ocrx_word' id='word_1_185' title='bbox 1002 3173 1127 3237; x_wconf 85' lang='lat' dir='ltr'><strong>hoc</strong></span> <span class='ocrx_word' id='word_1_186' title='bbox 1182 3173 1371 3237; x_wconf 81' lang='lat' dir='ltr'><strong>fuisse</strong></span> <span class='ocrx_word' id='word_1_187' title='bbox 1427 3174 1753 3237; x_wconf 82' lang='lat' dir='ltr'><strong>latitudine</strong></span> <span class='ocrx_word' id='word_1_188' title='bbox 1793 3175 2034 3237; x_wconf 89' lang='lat' dir='ltr'><strong>minore</strong></span> <span class='ocrx_word' id='word_1_189' title='bbox 2078 3192 2154 3235; x_wconf 89' lang='lat' dir='ltr'><strong>eo</strong></span> <span class='ocrx_word' id='word_1_190' title='bbox 2197 3192 2354 3254; x_wconf 88' lang='lat' dir='ltr'><strong>spa-</strong></span> 
     </span>
     <span class='ocr_line' id='line_1_32' title="bbox 41 3274 2353 3359; baseline 0.001 -24"><span class='ocrx_word' id='word_1_191' title='bbox 41 3326 43 3335; x_wconf 93' lang='lat'><strong>.</strong></span> <span class='ocrx_word' id='word_1_192' title='bbox 126 3275 232 3351; x_wconf 86' lang='lat' dir='ltr'><strong>tio,</strong></span> <span class='ocrx_word' id='word_1_193' title='bbox 292 3276 461 3355; x_wconf 86' lang='lat' dir='ltr'><strong>quod</strong></span> <span class='ocrx_word' id='word_1_194' title='bbox 523 3294 629 3339; x_wconf 88' lang='lat' dir='ltr'><strong>sex</strong></span> <span class='ocrx_word' id='word_1_195' title='bbox 696 3295 1003 3357; x_wconf 84' lang='lat' dir='ltr'><strong>personae</strong></span> <span class='ocrx_word' id='word_1_196' title='bbox 1068 3277 1273 3340; x_wconf 86' lang='lat' dir='ltr'><strong>alatae</strong></span> <span class='ocrx_word' id='word_1_197' title='bbox 1316 3275 1582 3359; x_wconf 84' lang='lat' dir='ltr'><strong>explent,</strong></span> <span class='ocrx_word' id='word_1_198' title='bbox 1639 3278 1693 3339; x_wconf 88' lang='lat' dir='ltr'><strong>si</strong></span> <span class='ocrx_word' id='word_1_199' title='bbox 1751 3276 1918 3338; x_wconf 85' lang='lat' dir='ltr'><strong>aliae</strong></span> <span class='ocrx_word' id='word_1_200' title='bbox 1966 3278 2144 3359; x_wconf 72' lang='lat' dir='ltr'><strong>Juxta</strong></span> <span class='ocrx_word' id='word_1_201' title='bbox 2197 3274 2353 3337; x_wconf 86' lang='lat' dir='ltr'><strong>alias</strong></span> 
     </span>
     <span class='ocr_line' id='line_1_33' title="bbox 41 3376 2356 3461; baseline 0 -25"><span class='ocrx_word' id='word_1_202' title='bbox 41 3402 43 3459; x_wconf 72' lang='grc' dir='ltr'>ς</span> <span class='ocrx_word' id='word_1_203' title='bbox 123 3377 205 3439; x_wconf 84' lang='lat' dir='ltr'><strong>ita</strong></span> <span class='ocrx_word' id='word_1_204' title='bbox 240 3386 391 3441; x_wconf 79' lang='lat' dir='ltr'><strong>sunt</strong></span> <span class='ocrx_word' id='word_1_205' title='bbox 430 3377 805 3461; x_wconf 73' lang='lat' dir='ltr'><strong>dispositae,</strong></span> <span class='ocrx_word' id='word_1_206' title='bbox 870 3386 939 3440; x_wconf 88' lang='lat' dir='ltr'><strong>ut</strong></span> <span class='ocrx_word' id='word_1_207' title='bbox 978 3377 1175 3441; x_wconf 85' lang='lat' dir='ltr'><strong>libere</strong></span> <span class='ocrx_word' id='word_1_208' title='bbox 1232 3400 1300 3442; x_wconf 88' lang='lat' dir='ltr'><strong>se</strong></span> <span class='ocrx_word' id='word_1_209' title='bbox 1342 3381 1584 3461; x_wconf 85' lang='lat' dir='ltr'><strong>possint</strong></span> <span class='ocrx_word' id='word_1_210' title='bbox 1623 3396 1892 3442; x_wconf 81' lang='lat' dir='ltr'><strong>movere.</strong></span> <span class='ocrx_word' id='word_1_211' title='bbox 1933 3412 2018 3427; x_wconf 89' lang='lat'><strong>--</strong></span> <span class='ocrx_word' id='word_1_212' title='bbox 2081 3376 2356 3450; x_wconf 85' lang='lat' dir='ltr'><strong>Quaerat</strong></span> 
     </span>
     <span class='ocr_line' id='line_1_34' title="bbox 120 3476 2356 3564; baseline -0.001 -22"><span class='ocrx_word' id='word_1_213' title='bbox 120 3480 371 3564; x_wconf 83' lang='lat' dir='ltr'><strong>aliquis,</strong></span> <span class='ocrx_word' id='word_1_214' title='bbox 435 3501 551 3563; x_wconf 87' lang='lat' dir='ltr'><strong>per</strong></span> <span class='ocrx_word' id='word_1_215' title='bbox 612 3488 817 3542; x_wconf 88' lang='lat' dir='ltr'><strong>utrum</strong></span> <span class='ocrx_word' id='word_1_216' title='bbox 880 3482 1113 3545; x_wconf 85' lang='lat' dir='ltr'><strong>aditum</strong></span> <span class='ocrx_word' id='word_1_217' title='bbox 1180 3482 1244 3544; x_wconf 88' lang='lat' dir='ltr'><strong>in</strong></span> <span class='ocrx_word' id='word_1_218' title='bbox 1302 3481 1684 3545; x_wconf 85' lang='lat' dir='ltr'><strong>orchestram</strong></span> <span class='ocrx_word' id='word_1_219' title='bbox 1735 3480 1962 3543; x_wconf 86' lang='lat' dir='ltr'><strong>chorus</strong></span> <span class='ocrx_word' id='word_1_220' title='bbox 2017 3476 2356 3541; x_wconf 84' lang='lat' dir='ltr'><strong>advenerit.</strong></span> 
     </span>
     <span class='ocr_line' id='line_1_35' title="bbox 116 3580 2352 3667; baseline 0 -22"><span class='ocrx_word' id='word_1_221' title='bbox 116 3584 265 3648; x_wconf 85' lang='lat' dir='ltr'><strong>Huic</strong></span> <span class='ocrx_word' id='word_1_222' title='bbox 315 3584 664 3666; x_wconf 83' lang='lat' dir='ltr'><strong>quaestioni</strong></span> <span class='ocrx_word' id='word_1_223' title='bbox 706 3590 776 3645; x_wconf 89' lang='lat' dir='ltr'><strong>ut</strong></span> <span class='ocrx_word' id='word_1_224' title='bbox 830 3585 1213 3664; x_wconf 86' lang='lat' dir='ltr'><strong>respondere</strong></span> <span class='ocrx_word' id='word_1_225' title='bbox 1267 3584 1604 3667; x_wconf 88' lang='lat' dir='ltr'><strong>possimus,</strong></span> <span class='ocrx_word' id='word_1_226' title='bbox 1669 3602 1825 3665; x_wconf 86' lang='lat' dir='ltr'><strong>opus</strong></span> <span class='ocrx_word' id='word_1_227' title='bbox 1871 3592 1966 3645; x_wconf 88' lang='lat' dir='ltr'><strong>est</strong></span> <span class='ocrx_word' id='word_1_228' title='bbox 2023 3580 2352 3663; x_wconf 85' lang='lat' dir='ltr'><strong>inquirere,</strong></span> 
     </span>
     <span class='ocr_line' id='line_1_36' title="bbox 116 3685 2350 3770; baseline 0 -23"><span class='ocrx_word' id='word_1_229' title='bbox 116 3692 233 3749; x_wconf 88' lang='lat' dir='ltr'><strong>tam</strong></span> <span class='ocrx_word' id='word_1_230' title='bbox 278 3705 413 3767; x_wconf 81' lang='lat' dir='ltr'><strong>quo</strong></span> <span class='ocrx_word' id='word_1_231' title='bbox 454 3685 599 3749; x_wconf 90' lang='lat' dir='ltr'><strong>loco</strong></span> <span class='ocrx_word' id='word_1_232' title='bbox 657 3686 758 3767; x_wconf 80' lang='lat' dir='ltr'><strong>agi</strong></span> <span class='ocrx_word' id='word_1_233' title='bbox 796 3686 961 3749; x_wconf 87' lang='lat' dir='ltr'><strong>hanc</strong></span> <span class='ocrx_word' id='word_1_234' title='bbox 1000 3685 1277 3751; x_wconf 82' lang='lat' dir='ltr'><strong>fabulam</strong></span> <span class='ocrx_word' id='word_1_235' title='bbox 1315 3687 1510 3770; x_wconf 79' lang='lat' dir='ltr'><strong>fingat</strong></span> <span class='ocrx_word' id='word_1_236' title='bbox 1562 3686 1665 3748; x_wconf 87' lang='lat' dir='ltr'><strong>hic</strong></span> <span class='ocrx_word' id='word_1_237' title='bbox 1706 3694 1934 3766; x_wconf 84' lang='lat' dir='ltr'><strong>poeta,</strong></span> <span class='ocrx_word' id='word_1_238' title='bbox 1998 3704 2184 3767; x_wconf 88' lang='lat' dir='ltr'><strong>quam</strong></span> <span class='ocrx_word' id='word_1_239' title='bbox 2227 3706 2350 3767; x_wconf 83' lang='lat' dir='ltr'><strong>quo</strong></span> 
     </span>
     <span class='ocr_line' id='line_1_37' title="bbox 116 3786 2348 3872; baseline 0 -24"><span class='ocrx_word' id='word_1_240' title='bbox 116 3786 249 3851; x_wconf 90' lang='lat' dir='ltr'><strong>loco</strong></span> <span class='ocrx_word' id='word_1_241' title='bbox 300 3788 403 3851; x_wconf 84' lang='lat' dir='ltr'><strong>vel</strong></span> <span class='ocrx_word' id='word_1_242' title='bbox 446 3788 668 3868; x_wconf 83' lang='lat' dir='ltr'><strong>quibus</strong></span> <span class='ocrx_word' id='word_1_243' title='bbox 710 3788 869 3850; x_wconf 85' lang='lat' dir='ltr'><strong>locis</strong></span> <span class='ocrx_word' id='word_1_244' title='bbox 909 3787 1098 3869; x_wconf 80' lang='lat' dir='ltr'><strong>vulgo</strong></span> <span class='ocrx_word' id='word_1_245' title='bbox 1166 3790 1401 3851; x_wconf 81' lang='lat' dir='ltr'><strong>versari</strong></span> <span class='ocrx_word' id='word_1_246' title='bbox 1457 3808 1629 3866; x_wconf 71' lang='lat' dir='ltr'><strong>aveS,</strong></span> <span class='ocrx_word' id='word_1_247' title='bbox 1691 3808 1771 3855; x_wconf 82' lang='lat' dir='ltr'><strong>ex</strong></span> <span class='ocrx_word' id='word_1_248' title='bbox 1839 3790 2061 3872; x_wconf 85' lang='lat' dir='ltr'><strong>quibus</strong></span> <span class='ocrx_word' id='word_1_249' title='bbox 2121 3789 2348 3851; x_wconf 86' lang='lat' dir='ltr'><strong>chorus</strong></span> 
     </span>
     <span class='ocr_line' id='line_1_38' title="bbox 114 3890 2348 3973; baseline -0.001 -23"><span class='ocrx_word' id='word_1_250' title='bbox 114 3898 359 3955; x_wconf 78' lang='lat' dir='ltr'><strong>constat</strong></span> <span class='ocrx_word' id='word_1_251' title='bbox 381 3938 397 3967; x_wconf 93' lang='lat'><strong>,</strong></span> <span class='ocrx_word' id='word_1_252' title='bbox 460 3891 829 3973; x_wconf 81' lang='lat' dir='ltr'><strong>cogitandae</strong></span> <span class='ocrx_word' id='word_1_253' title='bbox 894 3892 1033 3955; x_wconf 82' lang='lat' dir='ltr'><strong>sint.</strong></span> <span class='ocrx_word' id='word_1_254' title='bbox 1137 3893 1229 3953; x_wconf 89' lang='lat' dir='ltr'><strong>De</strong></span> <span class='ocrx_word' id='word_1_255' title='bbox 1288 3892 1400 3953; x_wconf 85' lang='lat' dir='ltr'><strong>illo</strong></span> <span class='ocrx_word' id='word_1_256' title='bbox 1445 3893 1812 3957; x_wconf 85' lang='lat' dir='ltr'><strong>Suevernius</strong></span> <span class='ocrx_word' id='word_1_257' title='bbox 1857 3893 1898 3955; x_wconf 92' lang='lat' dir='ltr'><strong>l.</strong></span> <span class='ocrx_word' id='word_1_258' title='bbox 1943 3913 1995 3954; x_wconf 89' lang='lat' dir='ltr'><strong>c.</strong></span> <span class='ocrx_word' id='word_1_259' title='bbox 2049 3912 2111 3971; x_wconf 91' lang='lat' dir='ltr'><strong>p.</strong></span> <span class='ocrx_word' id='word_1_260' title='bbox 2139 3890 2220 3951; x_wconf 89' lang='lat'><strong>20</strong></span> <span class='ocrx_word' id='word_1_261' title='bbox 2256 3908 2348 3969; x_wconf 86' lang='lat' dir='ltr'><strong>sq.</strong></span> 
     </span>
     <span class='ocr_line' id='line_1_39' title="bbox 116 3990 2351 4077; baseline -0 -25"><span class='ocrx_word' id='word_1_262' title='bbox 116 3992 451 4075; x_wconf 72' lang='lat' dir='ltr'><strong>disputavit</strong></span> <span class='ocrx_word' id='word_1_263' title='bbox 488 3994 605 4071; x_wconf 81' lang='lat' dir='ltr'><strong>ita,</strong></span> <span class='ocrx_word' id='word_1_264' title='bbox 663 4001 731 4057; x_wconf 92' lang='lat' dir='ltr'><strong>ut</strong></span> <span class='ocrx_word' id='word_1_265' title='bbox 768 3994 1043 4057; x_wconf 79' lang='lat' dir='ltr'><strong>Athenas</strong></span> <span class='ocrx_word' id='word_1_266' title='bbox 1083 3993 1251 4075; x_wconf 83' lang='lat' dir='ltr'><strong>ipsas</strong></span> <span class='ocrx_word' id='word_1_267' title='bbox 1290 3992 1724 4077; x_wconf 78' lang='lat' dir='ltr'><strong>intelligendas</strong></span> <span class='ocrx_word' id='word_1_268' title='bbox 1767 4016 1908 4059; x_wconf 85' lang='lat' dir='ltr'><strong>esse</strong></span> <span class='ocrx_word' id='word_1_269' title='bbox 1947 3990 2351 4055; x_wconf 80' lang='lat' dir='ltr'><strong>verosimilli-</strong></span> 
     </span>
     <span class='ocr_line' id='line_1_40' title="bbox 116 4092 2350 4173; baseline -0.001 -17"><span class='ocrx_word' id='word_1_270' title='bbox 116 4114 278 4157; x_wconf 73' lang='lat' dir='ltr'><strong>mum</strong></span> <span class='ocrx_word' id='word_1_271' title='bbox 321 4096 719 4161; x_wconf 80' lang='lat' dir='ltr'><strong>existimaret.</strong></span> <span class='ocrx_word' id='word_1_272' title='bbox 803 4096 941 4159; x_wconf 88' lang='lat' dir='ltr'><strong>Nou</strong></span> <span class='ocrx_word' id='word_1_273' title='bbox 958 4144 974 4173; x_wconf 94' lang='lat'><strong>,</strong></span> <span class='ocrx_word' id='word_1_274' title='bbox 1016 4096 1259 4172; x_wconf 84' lang='lat' dir='ltr'><strong>hercle,</strong></span> <span class='ocrx_word' id='word_1_275' title='bbox 1302 4097 1626 4159; x_wconf 87' lang='lat' dir='ltr'><strong>assentior.</strong></span> <span class='ocrx_word' id='word_1_276' title='bbox 1710 4099 1914 4158; x_wconf 87' lang='lat' dir='ltr'><strong>Locus</strong></span> <span class='ocrx_word' id='word_1_277' title='bbox 1935 4140 1951 4169; x_wconf 94' lang='lat'><strong>,</strong></span> <span class='ocrx_word' id='word_1_278' title='bbox 1994 4092 2102 4153; x_wconf 89' lang='lat' dir='ltr'><strong>ubi</strong></span> <span class='ocrx_word' id='word_1_279' title='bbox 2143 4093 2350 4155; x_wconf 85' lang='lat' dir='ltr'><strong>omnia</strong></span> 
     </span>
     <span class='ocr_line' id='line_1_41' title="bbox 45 4197 2346 4281; baseline 0 -25"><span class='ocrx_word' id='word_1_280' title='bbox 45 4228 47 4230; x_wconf 57' lang='lat'>&gt;</span> <span class='ocrx_word' id='word_1_281' title='bbox 116 4204 390 4279; x_wconf 83' lang='lat' dir='ltr'><strong>aguntur,</strong></span> <span class='ocrx_word' id='word_1_282' title='bbox 445 4198 501 4261; x_wconf 83' lang='lat' dir='ltr'><strong>is</strong></span> <span class='ocrx_word' id='word_1_283' title='bbox 554 4199 691 4281; x_wconf 85' lang='lat' dir='ltr'><strong>ipse</strong></span> <span class='ocrx_word' id='word_1_284' title='bbox 750 4205 871 4273; x_wconf 78' lang='lat' dir='ltr'><strong>est,</strong></span> <span class='ocrx_word' id='word_1_285' title='bbox 914 4199 1021 4259; x_wconf 89' lang='lat' dir='ltr'><strong>ubi</strong></span> <span class='ocrx_word' id='word_1_286' title='bbox 1062 4198 1305 4261; x_wconf 85' lang='lat' dir='ltr'><strong>habitat</strong></span> <span class='ocrx_word' id='word_1_287' title='bbox 1359 4200 1590 4259; x_wconf 83' lang='lat' dir='ltr'><strong>Tereus</strong></span> <span class='ocrx_word' id='word_1_288' title='bbox 1641 4197 1706 4257; x_wconf 84' lang='lat' dir='ltr'><strong>iu</strong></span> <span class='ocrx_word' id='word_1_289' title='bbox 1751 4214 2020 4277; x_wconf 89' lang='lat' dir='ltr'><strong>upupam</strong></span> <span class='ocrx_word' id='word_1_290' title='bbox 2063 4201 2346 4257; x_wconf 83' lang='lat' dir='ltr'><strong>mutatus.</strong></span> 
     </span>
     <span class='ocr_line' id='line_1_42' title="bbox 118 4296 2349 4383; baseline -0 -25"><span class='ocrx_word' id='word_1_291' title='bbox 118 4300 455 4363; x_wconf 82' lang='lat' dir='ltr'><strong>Audiamus</strong></span> <span class='ocrx_word' id='word_1_292' title='bbox 491 4301 621 4383; x_wconf 83' lang='lat' dir='ltr'><strong>jam</strong></span> <span class='ocrx_word' id='word_1_293' title='bbox 676 4299 1046 4383; x_wconf 75' lang='lat' dir='ltr'><strong>Aeschylum</strong></span> <span class='ocrx_word' id='word_1_294' title='bbox 1104 4300 1269 4381; x_wconf 82' lang='lat' dir='ltr'><strong>apud</strong></span> <span class='ocrx_word' id='word_1_295' title='bbox 1325 4298 1716 4361; x_wconf 88' lang='lat' dir='ltr'><strong>Aristotelem</strong></span> <span class='ocrx_word' id='word_1_296' title='bbox 1735 4345 1753 4373; x_wconf 93' lang='lat'><strong>,</strong></span> <span class='ocrx_word' id='word_1_297' title='bbox 1807 4298 1961 4359; x_wconf 80' lang='lat' dir='ltr'><strong>nist.</strong></span> <span class='ocrx_word' id='word_1_298' title='bbox 2004 4296 2200 4357; x_wconf 84' lang='lat' dir='ltr'><strong>Anim.</strong></span> <span class='ocrx_word' id='word_1_299' title='bbox 2241 4296 2349 4373; x_wconf 83' lang='lat' dir='ltr'><strong>IX,</strong></span> 
     </span>
    </p>
   </div>
  </div>
 </body>
</html>
