2759 5084
999 187 1419 248 -57-..

103 349 424 444 Αἰσχύλου
471 355 579 424 καὶ
639 351 1146 444 ἀναπαυομένῳ,
1207 362 1298 425 sic
1339 360 1504 424 enim
1562 362 1976 428 scribendum.
2080 365 2322 428 Secun-

103 458 238 523 dum
289 454 466 540 haecf
503 457 854 523 existimare
913 456 1150 533 licebit,
1219 460 1699 543 Aristophanem
1744 463 1930 528 etiam
1989 462 2135 528 ideo
2181 466 2325 548 gal-

102 561 221 624 lum
259 559 664 643 gallinaceum
729 561 958 625 fecisse
1003 562 1419 640 citharistam,
1482 565 1655 646 quod
1712 567 1765 630 is
1810 566 1989 648 qussi
2043 563 2326 652 ὄρθριον

99 659 301 748 νόμον
344 671 625 742 caneret,
669 662 982 728 ludentem
1027 665 1230 728 verbis
1275 661 1551 750 ὄρθριὸς
1588 675 1651 729 et
1690 663 1935 754 ὄρθιος,
2018 669 2163 733 Edit
2202 687 2324 732 au·-

99 779 212 832 tem
255 777 311 832 et
347 768 482 851 ipse
541 767 744 852 gallus
801 767 1182 851 gallinaceus
1239 789 1467 834 sonum
1506 765 1751 854 ὄρθιον
1807 771 1871 833 h.
1914 793 1969 836 e.
2024 771 2222 836 altum
2264 781 2325 834 et

98 889 384 953 magnum.
471 871 570 934 Ob
615 870 685 933 id
737 869 972 952 ipsum,
1030 878 1100 931 ut
1157 889 1302 932 mea
1343 871 1467 934 fert
1508 873 1845 950 sententia,
1904 868 2103 947 αὐλὸς
2145 874 2323 936 dice-

95 973 262 1034 batur
321 968 604 1057 οἷλ-έκτωρ
667 973 750 1036 ab
800 974 953 1035 Ione
996 973 1148 1036 Chio
1210 972 1358 1038 loco
1404 975 1575 1057 apud
1631 975 2017 1040 Athenaeum
2072 987 2321 1042 servato

95 1075 304 1139 lih.1V.
346 1099 404 1159 p.
430 1077 572 1154 184,
599 1075 642 1136 f.
731 1075 872 1150 Quo
921 1095 1065 1138 cum.
1095 1077 1260 1140 dicto
1303 1077 1463 1141 sitne
1498 1079 1563 1139 id
1603 1081 2111 1162 comparandum,
2144 1083 2319 1164 quod

91 1185 600 1260 repraesentatum
643 1187 740 1241 est
795 1177 860 1240 in
919 1195 1162 1258 gemma
1226 1180 1427 1243 musei
1488 1180 1665 1261 Regii
1714 1181 2137 1246 Berolinensis
2200 1185 2320 1247 de·-

91 1283 298 1364 scripta
343 1301 380 1344 a
423 1280 772 1347 Toelkenio
815 1279 991 1355 libri,
1037 1298 1224 1362 quem
1265 1281 1610 1364 inscripsit:
1658 1282 2109 1348 «Erklarendes
2152 1288 2320 1349 Ver-

88 1383 372 1446 zeichniss
416 1385 529 1448 der
573 1383 823 1449 antiken
863 1382 1112 1446 vertiet't
1151 1382 1626 1466 geschnitteneu
1661 1384 1870 1450 Steine
1922 1387 2035 1450 der
2073 1387 2318 1470 Konig-

85 1485 198 1548 lich
235 1487 676 1552 Preussischen
733 1484 1449 1569 Gemmensammlung»,
1526 1506 1591 1569 p,
1627 1489 1771 1566 418,
1824 1489 1971 1565 233,
2047 1489 2317 1556 dubitari

85 1589 316 1668 quidem
375 1597 618 1672 potest,
697 1591 811 1652 sed
874 1589 1118 1652 videtur
1190 1589 1360 1651 haud
1431 1589 1637 1673 inepte
1702 1592 1885 1653 statui
1934 1611 2146 1672 posse.
2242 1594 2319 1656 Ut

81 1692 392 1770 plurimum
463 1701 668 1756 tamen
727 1693 928 1778 gallus
999 1693 1378 1776 gallinaceus
1400 1740 1414 1767 ,
1494 1700 1707 1774 utpote
1766 1694 2071 1756 Mercurio
2136 1713 2316 1758 sacer

81 1804 134 1857 et
189 1798 457 1882 ὄρθριος
511 1789 881 1864 κοκκὺσδων
951 1792 1156 1880 ὄρθια
1219 1789 1635 1878 κηρύγματα,
1709 1804 1777 1859 ut
1819 1804 1958 1860 utar
2014 1797 2218 1862 verbis
2277 1819 2315 1862 a

81 1897 424 1976 Theocrito,
490 1899 616 1974 VII,
663 1898 784 1962 123
836 1917 967 1978 sq„
1041 1904 1104 1960 et
1159 1894 1505 1978 Sophocle,
1548 1896 1777 1960 Electr.
1820 1900 1925 1962 Vs.
1968 1901 2127 1976 683,
2188 1919 2313 1982 po-

77 2001 216 2076 sitis,
279 2003 670 2086 cogitabatur
709 2010 1004 2085 tanquam
1047 2021 1276 2084 praeco
1323 2009 1387 2064 et
1429 2002 1673 2066 tubicen
1717 2011 1903 2085 atque
1950 2003 2313 2070 buccinator

78 2112 136 2164 et
171 2105 297 2168 hoc
332 2105 693 2183 scitissime;
735 2106 886 2169 tuba
927 2105 1090 2168 enim
1137 2105 1324 2167 etiam
1365 2121 1715 2187 praecones
1760 2104 1849 2168 uti
1899 2105 2191 2170 solebant
2250 2115 2313 2168 et

75 2210 314 2272 omnino
356 2211 420 2288 ii,
460 2209 567 2292 qui
609 2211 850 2292 signum
893 2210 1044 2272 dare
1074 2207 1324 2284 vellent,
1369 2207 1481 2270 cfr.
1523 2229 1579 2270 v.
1624 2227 1676 2268 c.
1718 2207 2012 2292 Aeschyli
2050 2211 2307 2274 Eumen.

73 2312 167 2374 Vs.
189 2315 312 2378 536
345 2333 478 2394 sqq.
525 2321 585 2375 et
629 2331 790 2394 quae
835 2312 918 2373 ad
958 2311 1124 2374 hunc
1168 2311 1380 2373 locum
1422 2310 1741 2373 adnotavit
1785 2312 2177 2390 scholiastes,
2222 2315 2305 2377 ob

71 2431 243 2492 quam
287 2433 570 2476 caussam
612 2414 714 2476 vel
756 2415 997 2474 Dianae
1040 2412 1369 2492 praeconis
1414 2412 1549 2474 vice
1594 2413 1889 2496 fungenti,
1932 2432 2118 2494 quam
2162 2426 2305 2498 apte

67 2507 380 2600 Ἀγυρίαν
419 2517 700 2578 nominat
742 2517 984 2578 Graeco
1028 2515 1360 2590 vocabulo,
1404 2515 1469 2576 in
1511 2535 1699 2578 numo
1753 2516 2123 2600 Agyrinensi
2166 2519 2304 2598 pri-

67 2618 198 2682 dem
243 2619 558 2702 publicato
605 2639 644 2684 a
685 2620 963 2702 principe
1007 2623 1407 2695 Torremuza,
1450 2617 1617 2682 Sicil.
1659 2627 1779 2682 vet.
1822 2639 1987 2682 num.
2030 2620 2155 2684 tab.
2194 2623 2303 2698 xl,

67 2727 116 2801 3,
158 2729 222 2791 in
264 2747 514 2790 manum
556 2728 868 2792 sinistram
909 2747 1048 2792 esse
1091 2727 1320 2802 datam,
1364 2725 1581 2788 docuit
1622 2725 1993 2788 Theodorus
2019 2723 2301 2788 Panossta

66 2830 608 2907 commentationiS‚
651 2849 812 2911 quae
854 2829 1208 2892 inscribitur
1255 2830 1435 2890 «Von
1474 2828 1619 2890 dem
1654 2827 1921 2889 Einfluss
1966 2829 2079 2890 der
2110 2832 2299 2894 Gott-

64 2929 262 2996 heiten
307 2933 420 2994 auf
457 2933 558 2994 die
600 2933 1042 3006 Ortsnamen»,
1099 2939 1256 3012 part.
1282 2933 1330 2992 Ι.
1374 2951 1435 3012 p.
1474 2933 1593 3006 413
1652 2937 1715 2992 et
1754 2929 1833 2990 ab
1878 2929 2077 2992 altera
2119 2941 2297 3014 parte

62 3033 216 3098 idem
257 3037 726 3098 instrumentum
769 3033 1068 3095 musicum
1111 3033 1194 3093 ad
1248 3051 1471 3094 sonum
1512 3033 1941 3096 vehementem
1986 3032 2295 3095 edendum

61 3155 166 3215 per
205 3147 340 3202 erat
382 3147 609 3220 aptum.
709 3138 892 3200 Dabo
952 3134 1254 3196 nonnulla
1317 3155 1395 3196 ex
1452 3133 1659 3196 multis
1706 3133 2009 3218 exempla.
2112 3137 2295 3218 Apud

61 3235 214 3301 hunc
287 3241 494 3322 ipsum
572 3248 826 3321 poetam
847 3287 864 3314 ,
957 3237 1288 3300 Ecclesiaz.
1374 3238 1473 3298 Vs.
1524 3237 1607 3298 30
1662 3257 1755 3316 sq.
1828 3237 1919 3298 sic
2001 3238 2293 3319 scriptum

61 3337 302 3422 legitur:

203 3463 211 3466 ’
297 3445 432 3533 ὥρα
474 3446 808 3532 βαδίζειν,
861 3439 950 3520 αἷς
989 3442 1026 3515 ὅ
1069 3447 1312 3534 κῆρυξ
1353 3437 1595 3529 ἀρτίως·

294 3543 484 3634 ἡμῶν
527 3545 938 3633 apog-educam
971 3542 1284 3633 δεύτερον
1333 3541 1845 3620 κεκόκκυκεν,

61 3649 154 3708 ubi
213 3651 441 3734 gallum
502 3652 916 3734 gallinaceum
976 3650 1441 3733 intelligendum
1509 3669 1649 3712 esse
1706 3646 2113 3712 certissimum
2177 3660 2289 3728 est,

59 3769 230 3828 quem
273 3752 656 3834 Sophoclem
723 3769 988 3814 vocasse
1046 3749 1417 3838 κοκκόβοαν
1484 3748 1673 3836 ὄρνιν
1758 3752 2117 3815 Eustathius
2176 3773 2287 3814 re·—

56 3849 168 3914 fert
205 3877 266 3936 p.
309 3857 497 3931 1479,
539 3857 651 3933 44;
713 3853 940 3918 similia
1003 3853 1182 3936 plura
1239 3854 1655 3918 ministrarent
1696 3852 2089 3916 Comicorum
2128 3853 2287 3915 reli-

58 3960 262 4038 quiae,
327 3961 384 4024 si
423 3959 522 4021 his
567 3960 656 4022 uti
699 3960 940 4022 animus
983 3967 1177 4022 esset:
1234 3943 1617 4040 Phrynichus
1659 3957 1814 4039 App.
1861 3957 2057 4038 Soph.
2097 3955 2285 4036 p.2l,

52 4059 155 4124 24:
199 4063 432 4130 Λῖδειν
483 4055 956 4143 ἆλεκτρυόναςε
1009 4053 1346 4133 Ἀττικῶς·
1394 4055 1493 4134 ,τὸ
1560 4059 1630 4124 δὲ
1680 4055 2015 4137 κοκκύζειν
2076 4081 2282 4142 κωμι-

52 4165 145 4228 κοὶ
189 4165 512 4250 λέγουσιν.
595 4165 790 4227 Porro
834 4163 1140 4226 Lucianus
1185 4163 1380 4245 Ocyp.
1432 4162 1535 4225 Vs·
1570 4161 1691 4222 114
1732 4158 1891 4220 haec
1934 4159 2172 4238 posuit:

293 4268 400 4334 ἐπὶ
445 4261 500 4330 δ”
546 4259 828 4348 ἀλέκτωρ
875 4259 1134 4349 ἡμέραν
1183 4258 1659 4332 ἐσάλπισεν.
