2759 5084
1000 190 1416 253 ...Β-’7.-

139 350 533 421 cantantibus
594 364 1037 441 responsarent
1108 366 1215 422 aut
1269 360 1335 420 in
1390 358 1726 441 proscenio
1783 354 2098 422 versantes
2159 356 2344 420 sirnnl

138 480 251 521 cum
288 459 465 521 hisce
526 467 635 521 aut
688 480 817 525 non
872 463 1327 544 adspectabiles
1343 510 1359 539 ‚
1425 463 1640 544 negari
1700 463 1931 543 nequit.
2029 462 2343 524 Testatum

134 559 455 642 reperimus
508 561 676 642 apud
728 558 1153 639 Aristotelem,
1211 564 1517 644 problem.
1557 564 1728 639 XIX,
1769 565 1812 627 9
1855 572 1918 627 et
1955 565 2059 639 43,
2111 578 2347 624 mono-—

130 661 244 737 diis,
276 680 445 742 quae
483 660 785 739 dicuntur,
826 665 1177 746 adspirasse
1207 665 1406 748 lyram
1433 673 1498 727 et
1527 664 1824 746 imprimis
1851 664 2084 727 tibiam.
2125 664 2346 737 Quae-

35 792 37 805 ⁵
134 766 281 841 riter,
338 772 545 827 utrum
582 766 709 829 hoc
763 768 993 831 factum
1034 770 1117 831 sit
1174 786 1419 843 eorum,
1479 768 1584 849 qui
1645 769 1729 831 ad
1769 768 2028 830 chorum
2068 767 2348 848 pertine-

35 858 37 885 ⁵
130 867 285 943 bant,
326 866 705 931 musicorum
750 888 974 951 opera,
1032 888 1113 933 an
1156 869 1424 933 aliorum
1479 888 1761 951 quorum.
1844 870 1980 933 Hae
2017 868 2082 929 in
2137 866 2348 931 fabula

132 968 189 1028 in
222 969 521 1033 monodia
562 972 850 1054 Upupae‚
906 981 973 1037 ut
1013 974 1273 1037 vidimus
1291 1020 1307 1049 ,
1361 972 1557 1035 fiebat
1593 990 1712 1053 per
1749 971 2069 1033 lusciniam
2087 1017 2103 1046 ,
2147 969 2205 1031 ei
2241 976 2350 1029 ta·-

35 1106 37 1115 =
132 1090 269 1147 men,
337 1088 527 1151 quam
566 1074 867 1137 sacerdos
928 1076 1095 1139 canit
1113 1123 1130 1152 ,
1192 1084 1261 1137 ut
1319 1074 1420 1139 vel
1485 1092 1560 1137 ea
1613 1074 1842 1135 docent
1863 1121 1878 1149 ,
1939 1088 2103 1153 quae
2163 1088 2352 1151 supra

130 1192 179 1251 p.
212 1172 307 1233 45.
356 1172 619 1235 diximus
684 1175 765 1237 de
816 1177 923 1239 Vs.
956 1176 1080 1241 857
1104 1225 1121 1255 ,
1180 1182 1287 1240 aut
1342 1177 1539 1259 lyram
1583 1175 1936 1256 adspirasse
1977 1172 2352 1236 censendum

133 1280 211 1334 est
244 1272 397 1357 (quo
456 1275 729 1355 probato
771 1279 1085 1361 negotium
1139 1278 1550 1361 responsandi
1612 1277 1778 1360 gallo
1834 1275 2174 1359 gallinaceo
2229 1274 2351 1335 tri-

129 1376 298 1437 buere
336 1375 572 1453 liceret,
632 1384 701 1441 at
738 1380 888 1442 mihi
930 1382 1180 1461 quidem
1220 1400 1476 1463 prorsus
1517 1399 1650 1442 non
1691 1388 1786 1442 est
1825 1378 2140 1453 credibile,
2181 1376 2354 1461 lyrae

137 1484 359 1541 cantum
404 1479 679 1544 auditum
722 1481 879 1567 esse)
924 1491 1031 1546 aut
1070 1484 1306 1546 nullum
1350 1484 1604 1547 omnino
1645 1482 2116 1545 instrumentum
2153 1480 2354 1541 musi-

136 1598 279 1657 cnmf,
368 1580 487 1641 sed
538 1588 685 1664 post
754 1582 967 1667 ipsum
1036 1584 1365 1647 canticum
1455 1590 1792 1646 cantatum
1849 1583 2014 1646 tibiis
2093 1580 2358 1644 canebat

134 1702 352 1745 corvus.
438 1682 508 1743 In
544 1684 763 1767 Vespis
810 1704 969 1766 quae
1004 1694 1332 1749 cantantur
1375 1706 1413 1749 a
1450 1682 1846 1747 Philocleone
1888 1684 1994 1745 Vs.
2033 1682 2196 1745 1325
2219 1700 2354 1765 sqq.

135 1787 178 1845 si
212 1786 428 1847 tibiam
472 1785 824 1849 habuerunt
864 1788 1281 1868 adspirantem
1300 1833 1316 1864 ,
1368 1789 1502 1870 ejus
1544 1786 1736 1848 fuisse
1795 1785 2114 1861 tibicinae,
2171 1802 2356 1867 quam

35 1874 37 1945 ἔ
132 1886 223 1947 ille
252 1905 469 1951 secum
501 1888 779 1965 duxerat,
820 1889 1147 1969 probabile
1189 1896 1301 1952 est.
1362 1887 1929 1951 Ecclesiazusarnm
1962 1888 2354 1969 Vs.890'sqq.

133 2009 297 2069 quem
342 2008 499 2053 anus
538 1990 813 2071 appellat
848 1991 1159 2054 tibicinem
1173 2040 1189 2068 ,
1259 2000 1328 2056 ut
1380 1992 1692 2055 monodiis
1735 1992 1974 2055 accinat
1989 2036 2006 2066 ‚
2051 2008 2192 2053 eum
2231 2002 2358 2052 nou

130 2090 301 2155 fuisse
346 2112 431 2155 ex
468 2093 572 2170 iis,
630 2094 735 2174 qui
778 2095 863 2158 ad
904 2095 1163 2159 chorum
1204 2097 1599 2178 pertinebant
1639 2103 1703 2161 ot
1739 2096 1806 2157 in
1847 2094 2168 2158 orchestra
2210 2110 2357 2157 ver·-

129 2195 447 2269 sabantur,
520 2196 633 2257 sed
692 2198 980 2260 comitem
1036 2198 1231 2281 ipsius
1296 2217 1452 2261 anus
1511 2198 1582 2262 'in
1639 2198 1969 2281 proscenio
2029 2197 2360 2260 stationem

35 2366 37 2379 Ι
127 2296 481 2374 habentem,
540 2300 757 2379 quovis
812 2300 1073 2381 pignore
1132 2302 1576 2363 contenderim.
1687 2300 1802 2361 Illa
1860 2306 2158 2379 quatenus
2217 2306 2360 2379 apte

130 2399 377 2480 cogitari
416 2404 620 2481 possit
660 2404 995 2465 comitante
1036 2404 1286 2466 tibicine
1326 2422 1666 2485 progressa
1708 2421 1875 2477 esse,
1917 2420 1997 2463 ex
2037 2400 2209 2475 loco,
2255 2401 2360 2481 qui

132 2510 215 2563 est
248 2504 361 2567 Vs.
407 2506 531 2567 877
575 2526 711 2589 sqq.
730 2556 747 2581 ‚
804 2508 1148 2570 accuratius
1205 2526 1514 2589 perpenso
1572 2506 1790 2569 elucet.
1889 2506 2202 2567 Ranarum
2253 2504 2359 2565 Vs.

134 2604 283 2667 1304
309 2626 450 2687 sqq.
492 2608 853 2690 AeschyluS,
896 2628 1083 2689 quum
1122 2609 1442 2690 Euripidia
1486 2608 1794 2690 quaedam
1851 2612 2203 2669 cantaturus
2247 2615 2361 2683 est,

129 2706 317 2789 lyram
358 2712 569 2791 poscit
612 2719 673 2772 et
724 2732 871 2774 mox
926 2732 1111 2775 anum
1158 2712 1329 2775 testis
1372 2719 1750 2791 crepantem.
1833 2706 2000 2794 Ergo
2041 2708 2168 2771 illis
2209 2728 2362 2771 ver-

128 2811 285 2874 sibus
344 2832 479 2875 non
530 2815 790 2877 accinuit
838 2815 891 2877 is
946 2813 1293 2891 citharista,
1364 2815 1468 2895 qui
1533 2815 1612 2876 ad
1679 2814 1939 2876 chorum
1995 2812 2364 2893 pertinebat.

35 2904 38 2911 ’
126 2912 326 2992 Hinc„
364 2924 437 2979 ut
489 2917 555 2978 in
616 2924 973 2979 transcursu
1029 2936 1352 2993 moneam,
1410 2917 1627 2979 forsan
1681 2916 2101 2999 conjecturam
2141 2932 2366 2997 capere

126 3018 322 3097 liceat,
367 3027 641 3101 poetam,
686 3022 793 3102 qui
830 3021 1137 3083 inducitur
1173 3020 1355 3103 hujus
1402 3021 1480 3081 de
1511 3037 1634 3101 qua
1671 3018 1924 3101 agimus,
1966 3016 2216 3079 fabulae
2256 3016 2364 3078 Vs.

128 3122 240 3185 904
274 3143 429 3205 sqq.
478 3131 541 3186 et
598 3124 903 3187 Cinesiam
962 3124 1494 3207 dithyramborum
1551 3132 1804 3205 poetam
1823 3171 1839 3199 ,
1897 3122 2000 3203 qui
2051 3130 2199 3203 post
2260 3123 2366 3184 Vs.

128 3227 283 3289 1371
342 3227 413 3287 in
472 3244 719 3289 scenam
774 3229 1145 3311 ingreditur,
1233 3229 1285 3290 si
1350 3247 1458 3304 ea,
1529 3246 1690 3308 quae
1749 3234 2005 3301 canunt,
2075 3222 2367 3300 carmina,

129 3328 430 3392 citharam
472 3328 573 3392 vel
628 3329 827 3413 lyram
868 3330 1199 3393 habuerint
1240 3332 1656 3413 adspirantem
1675 3376 1692 3405 ,
1733 3328 1862 3392 tale
1901 3328 2372 3390 instrumentum

35 3472 38 3505 ,
128 3432 425 3493 musicum
468 3431 637 3512 ipsos
682 3450 891 3494 secum
920 3432 1216 3495 attulisse.
1301 3432 1464 3507 Quin
1506 3431 1880 3514 Lysistratae
1921 3428 2086 3504 loco,
2129 3428 2234 3510 qui
2277 3438 2374 3492 est

35 3558 38 3579 ·
127 3531 224 3591 Vs.
264 3532 437 3594 1242
462 3552 599 3615 sqq.
652 3533 755 3595 vel
802 3534 997 3597 choro
1041 3534 1676 3597 Lacedaemoniorum
1721 3538 1800 3608 et,
1843 3538 1912 3593 ut
1949 3522 2194 3593 videtur
2235 3531 2372 3593 sal-

123 3642 263 3711 tem,
308 3636 778 3700 Atheniensium
822 3637 1089 3699 concinit
1117 3640 1343 3702 tibicen
1380 3639 1463 3701 ad
1508 3636 1682 3701 chori
1718 3637 1998 3699 tibicines
2041 3655 2170 3698 non
2215 3654 2369 3715 per-

35 3710 39 3853 .
126 3739 363 3814 tinens3
426 3738 481 3799 is
526 3740 691 3800 enim
749 3738 979 3801 tibicen
1034 3738 1159 3801 illis
1228 3738 1586 3802 hominibus
1631 3746 1692 3802 et
1755 3746 1938 3802 antea
1982 3739 2201 3801 aderat
2265 3739 2371 3799 in—

35 3858 37 3861 ’
124 3850 213 3902 ter
258 3839 753 3917 comissandum,
812 3849 881 3903 ut
932 3860 1069 3907 mos
1124 3842 1397 3918 ferebat,
1459 3851 1522 3904 et
1561 3851 1784 3926 postea
1833 3844 2002 3925 ipsos
2058 3860 2137 3901 ex
2189 3840 2372 3901 aedi-

128 3942 239 4005 bus
322 3942 711 4023 egredientes
770 3944 1197 4007 comitabatur.
1292 3944 1642 4009 Secundum
1685 3947 1874 4022 haec,
1945 3945 1998 4005 si
2050 3960 2201 4005 vera
2255 3942 2376 4005 sint

35 4058 37 4061 ’
127 4046 379 4120 omnia,
422 4065 582 4127 quae
628 4048 913 4126 diximuS,
954 4048 1281 4129 probabile
1326 4049 1522 4111 videri
1562 4058 1797 4132 potest,
1841 4045 2171 4121 monodiis,
2213 4062 2374 4125 quae

35 4126 40 4221 >
124 4150 393 4233 proprie
450 4150 867 4231 appellantur,
936 4142 1000 4213 et
1041 4151 1325 4214 omnibus
1383 4152 1752 4214 carminibus
1806 4150 1885 4211 ad
1943 4148 2132 4224 alios,
2191 4165 2387 4229 quam.

127 4254 205 4313 ad
254 4253 523 4316 chorum
568 4254 888 4334 proprium
931 4256 1394 4336 pertinentibuS‚
1441 4255 1492 4317 si
1535 4257 1934 4319 instrumenta
1975 4238 2208 4314 musica
2248 4251 2376 4311 ha—
