2759 5084
1306 244 1728 307 „38-

392 418 668 493 ciscitur,
712 418 822 479 cfr.
867 416 971 478 Vs.
1010 412 1168 491 435,
1228 423 1293 479 et
1332 413 1406 477 fit
1445 409 1756 498 ὁπλίτης,
1821 432 1946 495 qao
1999 412 2249 476 nomine
2289 412 2500 494 ipsum
2541 414 2644 475 in·-

390 522 602 605 signiri
644 539 683 584 a
726 520 1112 583 Pisthetaero
1155 521 1259 585 Vs.
1294 519 1460 594 448,
1501 536 1692 599 supra
1729 516 2188 599 disputavimus.
2275 519 2402 585 Sed
2441 535 2646 598 quae-

388 624 567 700 nitur,
606 631 928 705 quatenus
947 624 977 684 ἵ
1064 622 1267 696 Quem
1306 619 1504 681 finem
1558 620 1834 683 habeant
1873 640 2027 684 veru
2089 628 2150 683 et
2193 622 2322 684 duo
2361 620 2646 705 τρυβλία

392 762 481 779 --
518 733 611 790 tot
654 728 819 787 enim
862 724 1201 805 arripuisse
1258 721 1656 803 Euelpidem‚
1697 723 2068 804 perspicitur
2111 742 2188 786 ex
2235 717 2352 786 Vs.
2374 724 2521 797 387,
2565 756 2648 773 --

387 829 571 904 iniis,
614 846 777 909 quae
818 840 1009 909 supra
1050 832 1517 906 repraesentata
1551 836 1713 902 sunt,
1755 826 1894 907 ipse
1936 826 2088 888 satis
2119 825 2646 907 declarat-poeta,

391 942 453 995 et
496 932 766 1013 apertius
818 930 1001 992 etiam
1044 929 1207 992 infra
1248 931 1353 992 Vs.
1405 929 1534 991 388
1575 924 1697 995 τὸν
1741 919 2091 1012 ὀβελίσκον
2130 937 2316 991 vocat
2357 923 2438 994 τὸ
2461 924 2644 1009 06qu

390 1036 503 1099 sed
530 1034 821 1115 Euelpidi
866 1034 944 1094 dc
988 1052 1104 1095 usu
1136 1031 1305 1099 ollae
1348 1030 1756 1112 interroganti
1801 1048 1962 1113 quae
2009 1031 2498 1115 respondentem
2543 1031 2646 1093 fe·-

392 1140 475 1201 cit
532 1138 982 1200 Pisthetaerum
1041 1142 1267 1216 poeta,
1346 1144 1508 1195 non·
1539 1141 1684 1197 sunt
1727 1133 1830 1197 'ita
1893 1116 2284 1214 comparata,
2353 1140 2422 1197 ut
2459 1133 2645 1196 facile

392 1249 722 1323 appareat,
766 1241 847 1301 ad
892 1259 1077 1322 quam
1120 1238 1327 1321 gravis
1374 1244 1732 1305 armaturae
1773 1244 2015 1317 partem
2057 1238 2644 1317 repraesentandam

394 1346 525 1409 olla
568 1344 647 1409 sit
688 1342 986 1405 adhibita.
1084 1341 1424 1405 Audiamus
1481 1341 1746 1421 primum
1791 1342 1870 1405 de
1925 1340 2046 1405 hac
2087 1362 2158 1404 re
2217 1360 2377 1423 quae
2435 1342 2644 1403 disse-

390 1452 645 1508 ruerunt
682 1453 925 1506 veteres
980 1444 1370 1524 interpretes.
1457 1442 1786 1533 Δίδυμος,
1847 1444 1932 1505 ait
1969 1444 2342 1507 scholiastes
2386 1444 2531 1506 adn.
2568 1446 2646 1506 ad

392 1549 496 1611 Vs.
542 1547 643 1624 43,
686 1546 757 1613 δέ
800 1568 1000 1629 φησιν
1054 1540 1440 1629 ἄμυντῆρια
1483 1540 1733 1621 αὐτοῦς
1779 1548 1912 1610 τῶν
1973 1540 2214 1631 ὀρνέων
2269 1542 2648 1633 βαστάζειν,
2695 1598 2698 1602 -

394 1646 544 1719 ἀντὶ
590 1647 804 1717 ὅπλου
845 1651 979 1731 μὲν
1022 1641 1099 1713 τὸ
1148 1648 1444 1725 κανοῦν,
1485 1642 1637 1723 a'mz
1687 1647 1758 1719 δὲ
1802 1650 2319 1731 περικεφαλαίας
2361 1644 2487 1734 τὴν
2527 1648 2648 1737 χύ-

394 1779 587 1839 τραν,
654 1758 767 1821 ἵνα
823 1747 941 1836 μὴ.
999 1746 1424 1833 ἐφιπτάμενα
1491 1744 1572 1813 τά
1617 1746 1816 1833 ὄρνεα
1848 1747 2073 1837 τύπτῃ
2132 1747 2400 1825 αὐτούς.
2491 1753 2648 1814 Sanc

394 1856 559 1918 ollae
578 1902 593 1929 ,
640 1859 797 1936 quas'
836 1850 1311 1933 prehendendas
1358 1870 1498 1914 esse
1541 1850 1847 1935 significat
1885 1851 2308 1917 Pisthetaerus
2366 1856 2471 1917 Vs.
2505 1856 2648 1930 357,

394 1976 509 2020 eae
565 1957 741 2036 ipsae
798 1961 971 2029 sunt,
1036 1974 1191 2035 quas
1252 1973 1464 2017 secum
1523 1953 1738 2016 tulisse
1803 1960 2054 2017 nostros
2116 1955 2402 2017 homines
2447 1958 2651 2020 Athe-

394 2060 672 2135 nienses,
718 2078 795 2119 ex
834 2058 941 2119 Vs.
974 2057 1055 2119 43
1103 2044 1558 2145 cognoscimus.
1643 2056 1806 2132 Sed,
1850 2075 2012 2138 quae
2055 2058 2139 2135 ,de
2183 2057 2454 2119 canistro
2501 2059 2652 2121 dixit

396 2162 692 2243 Didymus
714 2206 729 2235 ,
786 2157 947 2219 falsa
992 2177 1164 2233 esse,
1206 2159 1402 2220 verba
1445 2157 1879 2236 Aristophanis
1937 2176 2126 2238 supra
2171 2160 2482 2240 exscripta
2524 2161 2653 2223 do-

395 2271 552 2330 cent.
639 2261 869 2324 Contra
926 2260 1297 2323 scholiastes
1363 2263 1448 2325 ad
1509 2262 1616 2323 Vs.
1645 2260 1776 2323 386
1817 2267 1882 2321 ot
1921 2262 2048 2324 390
2089 2262 2251 2325 haec
2294 2264 2652 2327 adnotavit:

394 2367 495 2432 καὶ
542 2358 661 2432 τὸν
704 2358 1049 2450 ὀβελίσκον
1092 2363 1200 2441 δέ,
1242 2364 1477 2449 φησίν,
1538 2361 1718 2436 ὅστις
1759 2362 1942 2429 ἐστὶν
1995 2357 2190 2448 ἡμῶν
2233 2361 2426 2451 δόρυ,
2467 2360 2655 2439 ἐντὸς

393 2470 523 2535 τῶν
566 2464 797 2536 ὅπλων.
830 2463 950 2555 χρὴ
992 2461 1233 2535 λοιπὸν
1266 2472 1458 2555 ἔχειν·
1509 2467 1730 2553 λέγει
1774 2456 1856 2534 δὲ
1901 2463 2084 2536 οἶντῖ
2133 2469 2291 2537 τῶν
2332 2468 2654 2557 χυτρῶν.

394 2580 559 2646 ἔθος
619 2570 689 2638 δὲ
748 2571 929 2660 εἶχον
988 2575 1110 2636 ἔσω
1152 2570 1285 2634 τῶν
1326 2569 1626 2637 ἀσπίδων
1667 2576 1843 2661 ἔχειν
1883 2566 1967 2637 τοὶ
2035 2567 2304 2655 δόρατα.
2367 2606 2454 2621 -
2521 2574 2656 2638 τῶν

396 2671 621 2741 ὅπλων
662 2670 885 2744 &vves-
939 2672 1273 2759 Κέχρηται
1318 2674 1402 2756 τῇ
1443 2673 1606 2749 λέξει
1651 2671 1804 2740 ἀντὶ
1865 2676 2001 2740 ταῖν
2053 2672 2364 2759 ἱματίων,
2423 2671 2656 2740 ὡσανεὶ

398 2776 585 2851 εἷπε,
624 2776 752 2841 καὶ
796 2779 1023 2859 ἔχειν
1062 2767 1151 2840 τὸ
1192 2769 1386 2857 δόρυ
1427 2767 1658 2857 παρα
1701 2772 1856 2859 τήν
1901 2768 2221 2843 ἀσπίδα·
2305 2771 2482 2842 οὕτω
2528 2771 2658 2859 γαρ

399 2879 709 2947 ποιοῦσιν
766 2881 829 2943 οἱ
874 2876 1231 2959 πολέμιοι,
1269 2876 1394 2944 τοῦ
1431 2869 1532 2958 m)
1572 2872 1886 2952 ἐξόπλους
1945 2878 2154 2956 εἶναι,
2217 2869 2387 2944 ἄλλα
2431 2885 2660 2943 καθω-

400 2977 699 3048 πλίσθαὶ.
781 2978 899 3040 Hic
941 2978 1124 3060 igitur
1166 2978 1285 3039 sibi
1328 2976 1666 3058 persuasit,
1733 2977 1926 3041 ollam
1983 2978 2130 3042 loco
2199 2979 2406 3063 clypei
2450 2979 2660 3042 fuisse.

396 3084 665 3166 Didymo
710 3082 1043 3144 obsecutus
1088 3086 1183 3143 est
1224 3081 1596 3144 Theodorus
1641 3082 1933 3145 Panofka-
1973 3080 2154 3159 libri,
2217 3085 2324 3169 qui
2363 3082 2661 3145 inscribi-
2735 3078 2737 3125 Ὺ

400 3194 537 3249 tur:
607 3182 1001 3246 Recherches
1074 3202 1181 3245 sur
1243 3183 1337 3247 les
1402 3184 1736 3246 veritables
1799 3204 1982 3247 noms
2038 3186 2150 3248 des
2213 3204 2396 3249 vases
2451 3185 2660 3259 GrecS,
2736 3244 2737 3261 ,

398 3311 460 3371 p.
496 3289 574 3352 15
616 3308 707 3369 sq.
768 3293 856 3363 et,
920 3293 989 3348 ut
1040 3283 1217 3346 illam
1278 3286 1645 3348 senteutiam
1722 3284 2003 3364 fulciret,
2067 3288 2398 3351 advocavit
2453 3286 2664 3351 locum

401 3391 687 3466 Pollucis,
732 3390 837 3472 qui
881 3396 977 3452 est
1015 3388 1124 3464 IX,
1169 3389 1228 3464 7,
1276 3388 1418 3450 113.
1467 3389 1608 3464 114,
1651 3388 1813 3451 falso
1857 3390 1922 3451 in
1977 3408 2334 3453 sermonem
2375 3389 2662 3453 Franco-

402 3493 691 3577 gallicum
734 3510 1133 3567 conversum,
1177 3508 1321 3552 nam
1376 3488 1574 3553 verba
1615 3496 1828 3579 ἔχεται
1878 3483 2002 3578 ’τῆς
2042 3490 2289 3583 χύτρας
2333 3488 2498 3559 aare}
2541 3487 2664 3575 τὴν

406 3591 695 3680 κεφαλήν
740 3595 823 3679 τῇ
863 3595 1022 3681 χειρὶ
1064 3595 1147 3679 τῇ
1191 3594 1347 3677 λαιᾷ
1389 3610 1520 3652 non
1565 3591 1950 3673 significant:
1992 3595 2193 3657 »fient
2234 3596 2298 3657 la
2339 3596 2558 3678 chytre
2590 3596 2666 3657 de

404 3697 469 3759 la
513 3696 678 3757 main
719 3696 961 3779 gauche
1003 3715 1109 3757 sur
1150 3694 1213 3756 la
1256 3694 1442 3755 tete».
1527 3693 1754 3757 lisdem
1809 3697 1964 3777 ipsis
2020 3697 2288 3761 Pollucis
2333 3698 2538 3761 verbis
2586 3698 2666 3759 ad

406 3802 574 3863 hunc
631 3798 841 3860 locum
904 3797 1337 3879 explicandum
1396 3800 1528 3882 jam
1570 3798 1898 3883 Berglerus
1951 3820 2097 3863 usus
2143 3808 2306 3877 erat,
2371 3798 2478 3881 qui
2527 3800 2668 3862 »vi-

408 3900 647 3976 detur»,
690 3899 920 3978 inquit,
990 3899 1179 3961 »mihi
1234 3901 1549 3982 respicere
1601 3902 1685 3962 ad
1740 3900 1956 3963 ludum
1996 3901 2209 3977 illum,
2295 3904 2400 3984 qui
2444 3901 2670 3965 dicitur

404 4002 735 4089 χυτρίνὸα,
781 4000 925 4083 quia
968 4002 1197 4068 chorus
1239 4004 1458 4085 paullo
1495 4011 1639 4067 ante
1683 4003 1950 4081 dicebat,
1993 4024 2060 4067 se
2107 4003 2268 4068 velle
2311 4004 2467 4067 istos
2504 4002 2666 4067 duos

410 4105 684 4179 τίλλειν,
726 4102 1059 4181 vellicare,
1106 4114 1171 4169 et
1210 4128 1356 4169 mox
1401 4108 1527 4170 364
1591 4107 1766 4169 dicit:
1810 4112 1977 4187 ἕλκε,
2016 4108 2220 4183 τίλλε,
2265 4120 2437 4184 παῖε,
2481 4104 2672 4190 δεῖρε,

410 4203 649 4281 κόπτε,
706 4203 973 4289 πρώτην
1033 4202 1163 4290 τήν
1219 4205 1494 4298 χύτραν·
1551 4209 1725 4290 quod
1787 4210 1974 4273 etiam
2029 4210 2094 4271 in
2153 4209 2268 4272 illo
2332 4209 2489 4273 ludo
2531 4206 2670 4269 fieri

414 4306 675 4369 solebat.
778 4308 971 4369 Julius
1030 4310 1253 4373 Pollux
1316 4312 1379 4385 9,
1429 4312 1583 4375 113:
1639 4308 1684 4395 ἦ
1751 4312 1823 4379 δὲ
1885 4312 2216 4401 χυτρίνδα·
2303 4307 2340 4379 ὅ
2402 4316 2536 4395 μὲν
2603 4315 2674 4375 ἐν
