2759 5084
994 198 1237 289 ..ss-71
1326 256 1410 272 ,-

100 415 359 461 sussen».
442 400 667 463 Dieum-
697 398 899 481 primo
942 397 1085 459 loeo
1130 395 1209 457 de
1249 390 1614 458 'Schneideri
1654 395 1980 467 sententia,
2025 410 2149 455 non
2190 394 2312 461 hoe

103 502 337 583 quidem
374 500 533 577 fine,
578 509 646 565 ut
686 520 827 565 eum
866 500 1180 577 refellam,
1222 531 1309 547 --
1350 516 1488 561 esse
1528 496 1692 559 enim
1732 497 2127 561 falsissimum
2169 501 2315 563 uni-

100 624 331 667 versum
380 604 531 666 illud
558 602 673 667 viri
716 605 885 666 docti
934 604 1227 685 placitum
1268 600 1434 663 inter
1467 618 1598 676 eos,
1643 600 1746 680 qui
1787 600 2091 664 rationem
2123 604 2314 667 thea-

100 712 170 769 tri
196 706 419 782 norint,
464 713 721 781 constet,
770 742 851 753 --
875 707 987 769 sed
1018 713 1091 767 ut
1108 706 1309 768 dicam
1340 702 1420 764 de
1451 721 1522 765 re
1567 700 1770 764 adhuc
1801 722 1928 765 non
1971 705 2316 771 observatu.

99 811 391 889 Apparet,
458 809 901 873 Schneiderum
948 807 1245 890 imprimis
1306 805 1373 866 id
1442 812 1780 887 spectatum
1851 808 2189 885 censuisse,
2253 818 2322 873 ut

100 912 311 973 musici
343 930 473 973 non
534 912 715 973 nimis
772 920 981 973 essent
1038 911 1105 971 in
1168 918 1516 992 conspeetu.
1602 910 1788 983 Quod
1845 928 1956 972 eur
1991 911 2080 973 itu
2126 912 2322 975 ruisse

98 1020 425 1075 statuamus
468 1032 652 1094 quum
697 1015 863 1076 nulla
914 1012 1145 1075 idonea
1202 1030 1424 1077 caussa
1463 1012 1721 1095 eogitari
1779 1012 2009 1094 possit,
2064 1020 2193 1076 tum
2231 1014 2323 1077 itu

98 1136 221 1177 non
259 1116 474 1191 fuisse,
540 1116 653 1179 sed
708 1116 979 1179 musicos
1022 1134 1061 1177 e
1116 1116 1321 1197 eapite
1378 1134 1580 1197 usque
1621 1116 1702 1177 ad
1750 1116 1944 1196 pedes
1987 1118 2157 1178 cerni
2195 1136 2322 1200 po·-

97 1220 281 1279 tuisse
319 1236 453 1284 ,non
502 1220 703 1281 solum
758 1220 839 1280 ab
892 1218 1221 1293 actoribus,
1278 1236 1494 1280 verum
1537 1217 1721 1280 etiam
1781 1236 1818 1279 a
1859 1220 2325 1300 spectatoribus,

99 1318 297 1381 elucet
337 1335 413 1381 ex
453 1319 638 1403 hujus
680 1320 931 1381 fabulae
971 1322 1078 1383 Vs.
1106 1320 1266 1395 837,
1309 1322 1361 1382 si
1405 1338 1443 1381 a
1485 1320 1665 1382 nobis
1710 1337 1898 1399 supra
1937 1340 1999 1401 p.
2032 1322 2107 1383 41
2157 1328 2325 1383 recte

100 1428 195 1483 est
234 1420 591 1501 explicatus.
676 1422 893 1503 Neque
932 1427 1141 1483 tamen
1178 1420 1247 1482 in
1304 1422 1673 1484 eontrarium
1717 1428 1958 1503 partem
2015 1421 2327 1484 discesse-

95 1525 211 1587 rim
250 1523 615 1587 Muellerum
676 1529 918 1587 seeutus
962 1524 1233 1587 musicos
1284 1524 1353 1585 in
1409 1523 1520 1587 illa
1559 1524 1834 1607 thymele
1889 1524 2330 1602 collocantem3

96 1644 255 1707 quae
296 1628 513 1703 statio,
556 1627 621 1688 si·
644 1634 795 1703 erut,
842 1658 920 1673 -
971 1626 1051 1688 de
1098 1644 1231 1707 quo
1276 1626 1527 1703 dubito,
1590 1644 1946 1708 quanquam
1986 1628 2146 1688 bene
2189 1642 2331 1688 me·-

92 1729 241 1789 mini
278 1730 607 1791 verborum
668 1731 865 1793 schol.
921 1730 1003 1791 ad
1059 1732 1198 1791 Pae.
1242 1729 1348 1790 Vs.
1377 1729 1503 1791 734
1543 1728 1796 1791 horum:
1854 1720 2026 1811 ἦσαν
2089 1728 2162 1794 δὲ
2218 1726 2331 1793 ἐπὶ

92 1832 213 1912 τῆς
266 1831 567 1913 θυμέλης
624 1828 1027 1917 ῥαβδοφόροι
1067 1854 1269 1908 τινες,
1340 1834 1412 1895 οἳ
1473 1828 1592 1913 τῆς
1631 1822 1976 1911 εὐκοσμίας
2017 1828 2330 1911 ἐμέλοντο

91 1932 227 1998 τῶν
258 1935 558 2010 θεατῶν,
626 1950 983 2013 eorumque,
1058 1950 1221 2014 quae
1284 1932 1366 1994 ad
1425 1949 1567 1993 eum
1627 1930 1838 1993 locum
1895 1934 2332 2013 congesserunt

88 2034 459 2115 interpretes
502 2065 585 2083 --
639 2052 791 2096 sane
836 2036 1039 2116 aptior
1098 2044 1231 2097 erat
1270 2046 1414 2109 τοῖς
1470 2028 1895 2119 ῥαβδούχοις,
1959 2048 2144 2113 quum
2185 2050 2332 2093 mu·-

89 2135 254 2197 sieis.
338 2137 463 2199 Sed
497 2138 827 2199 Muellerus
862 2138 927 2199 in
963 2156 1239 2200 errorem
1274 2156 1345 2199 se
1378 2134 1587 2200 induci
1619 2153 1838 2215 passus
1874 2142 1969 2197 est
2009 2134 2170 2198 notis
2207 2132 2334 2196 illis

87 2237 375 2300 Pratinae
436 2238 641 2303 verbis
662 2288 681 2319 ,
724 2258 887 2323 quae
930 2247 1174 2303 exstant
1214 2238 1381 2321 apud
1409 2237 1794 2302 Athenaeum
1824 2238 1991 2316 xlv,
2021 2256 2084 2320 p.
2104 2238 2228 2301 617
2263 2236 2336 2299 G:

262 2341 363 2414 τίς
424 2340 623 2427 ὕβρις
698 2343 941 2427 ἔμολεν
1015 2342 1146 2407 ἐπὶ
1224 2338 1712 2408 Διονυσιάδα
1795 2336 2334 2425 πολυπάταγα

1667 2440 1992 2521 θυμέλαι
2009 2464 2050 2507 ν
2065 2461 2091 2517 3

87 2563 257 2627 quae
300 2545 454 2607 nihil
496 2546 629 2627 ejus
648 2592 673 2621 ,
712 2542 885 2623 quod
924 2542 1122 2605 voluit
1160 2540 1257 2605 vir
1296 2560 1600 2616 summus,
1643 2537 2092 2604 demonstrare
2131 2561 2336 2624 posse,

82 2645 281 2709 facile
324 2644 698 2727 intelligitur.
780 2645 981 2707 Etiam
1027 2643 1291 2707 Genellii
1330 2642 1698 2705 sententiam
1742 2641 1966 2705 falsam
2009 2662 2167 2722 esse,
2203 2647 2338 2731 jam

85 2768 221 2809 non
264 2748 523 2829 amplius
580 2753 677 2809 est
731 2746 901 2828 quod
952 2750 1331 2808 moneamus.
1419 2747 1582 2809 Saue
1627 2752 2110 2811 cousentaneum
2149 2748 2338 2813 vide-

88 2858 193 2912 tur
236 2856 534 2926 statuere,
576 2848 851 2933 musicos
890 2848 1071 2909 chori
1110 2848 1295 2929 vulgo
1326 2866 1530 2928 prope
1563 2848 1764 2929 ipsum
1809 2850 2066 2912 eborum
2109 2851 2336 2913 statio—

86 2968 239 3013 nem
280 2951 605 3028 hahuisse,
668 2969 807 3012 eum
870 2957 1110 3024 tamen,
1170 2966 1331 3029 quae
1371 2968 1500 3011 non
1557 2951 1948 3031 prohiberet,
2009 2952 2336 3032 quominus

82 3053 201 3117 ille
256 3053 585 3117 commode
630 3060 695 3115 et
734 3052 1203 3116 libere'sultere
1241 3050 1474 3132 posset.
1559 3052 1734 3127 Quae
1778 3054 2159 3117 accuratiora
2199 3054 2339 3133 sint,

85 3156 195 3219 vix
238 3150 429 3219 eerto'
460 3157 667 3219 afferri
722 3162 1036 3238 poterunt.
1122 3155 1283 3230 Quin
1349 3155 1564 3235 quaeri
1615 3174 1804 3236 posse
1853 3156 2130 3235 videtur,
2193 3177 2340 3221 num

88 3258 353 3319 omnino
394 3265 639 3320 certam
696 3263 1007 3339 quandam
1062 3258 1390 3321 stationem
1444 3256 1790 3333 habuerint,
1831 3276 2084 3340 semper
2127 3279 2342 3321 unum

86 3356 505 3449 eundemque
561 3360 917 3423 orchestrae
980 3360 1185 3423 locum
1228 3360 1553 3423 tenuerint.
1611 3394 1694 3407 —-
1747 3360 2056 3423 Tibicines
2098 3363 2340 3425 stetisse

89 3458 451 3522 existimant
508 3458 759 3539 reliqui,
818 3464 1229 3526 Schneiderus
1286 3464 1546 3526 sedisse.
1637 3462 1758 3536 Qui
1815 3461 1909 3525 vir
1967 3464 2188 3525 doetus
2231 3482 2342 3526 eur

91 3564 184 3624 ita
244 3561 567 3638 statuerit,
624 3563 744 3623 nisi
790 3581 868 3625 eo
924 3563 1079 3641 fine,
1142 3575 1211 3629 ut
1250 3567 1341 3629 illi
1387 3565 1573 3627 etiam
1615 3564 1814 3625 minus
1859 3566 2024 3627 cerni
2063 3566 2342 3646 potuisse

91 3663 457 3727 viderentur
492 3684 531 3727 a
572 3666 1043 3745 spectatoribus,
1089 3669 1318 3730 nescio.
1404 3669 1520 3730 Per
1550 3685 1620 3729 se
1664 3668 1808 3748 jure
1850 3668 2140 3731 contendi
2179 3690 2342 3751 pro-

90 3764 269 3826 fecto
314 3784 443 3827 nou
497 3773 735 3845 potest,
806 3774 1035 3829 statum
1096 3768 1540 3848 impedimento
1601 3766 1790 3830 fuisse
1840 3769 1942 3845 iis,
2017 3770 2121 3851 qui
2175 3770 2340 3831 tibiis

94 3866 199 3928 vel
242 3865 393 3951 lyris
438 3878 758 3946 canerent3
821 3870 1040 3946 immo,
1092 3871 1145 3931 si
1189 3870 1327 3950 quis
1372 3870 1743 3933 contrarium
1787 3871 2092 3933 affirmare
2135 3870 2339 3946 vellet,

88 3970 469 4049 praesertim
532 3972 701 4051 quod
760 3971 841 4033 ad
882 3970 1163 4033 tibicines
1218 3971 1466 4048 attinet,
1533 3973 1728 4054 magis
1772 3972 2113 4036 audiendus
2155 3970 2340 4034 foret.

92 4070 223 4133 Cur
278 4071 551 4134 musicos
609 4074 786 4136 chori
844 4092 971 4136 non
1032 4073 1303 4137 sedentis
1362 4074 1602 4137 sedisse
1671 4076 2020 4137 existimare
2060 4072 2339 4150 velimus,

90 4191 289 4253 quam
332 4173 577 4237 stetisse
618 4184 681 4237 et
720 4175 803 4237 ad
843 4182 1085 4257 partem
1126 4176 1484 4254 ineessisse,
1527 4196 1655 4239 uon
1701 4182 1948 4257 exputo.
2030 4175 2336 4237 Fortassis

88 4276 373 4356 argutari
418 4296 546 4339 non.
584 4277 927 4341 videbimur
965 4278 1065 4341 vel
1107 4280 1558 4343 morosioribus
1601 4276 1960 4342 censoribus
1979 4324 1996 4353 ,
2053 4277 2106 4339 si
2151 4276 2334 4338 etiam
