2759 5084
1059 221 1475 284 ..45-

141 386 268 448 hoc
309 385 458 448 satis
505 406 645 450 esse
687 387 1062 452 musicorum
1080 436 1097 465 ,
1161 406 1292 452 non
1335 407 1497 472 opus
1540 409 1677 455 esse
1720 399 2017 474 quattuor
2056 395 2181 458 illis
2204 443 2220 471 ‚
2278 397 2386 460 id-

143 505 264 566 que
325 508 406 551 eo
449 491 685 568 minus,
749 495 922 575 quod
962 495 1092 576 jam
1147 495 1429 556 Procnen
1474 493 1649 556 chori
1692 494 1995 558 musicum
2064 515 2205 562 esse
2226 547 2242 576 ,
2308 521 2385 564 ex

134 590 214 651 iis
234 638 252 668 ,
297 611 460 672 quae
503 593 789 677 leguntur
829 596 976 658 inde
1025 615 1064 658 a
1107 597 1214 658 Vs.
1243 597 1391 672 676,
1436 596 1675 676 oppido
1720 595 1981 660 eluceat.
2064 602 2261 664 Porro
2304 602 2386 665 ad

133 692 264 756 hoc
307 695 554 758 videtur
593 699 1064 776 attendendum,
1121 699 1294 781 quod
1351 699 1619 762 luscinia
1663 705 1725 761 et
1778 718 2005 763 corvus
2046 701 2219 766 haud
2258 705 2385 768 du-

137 795 248 858 bie
289 796 419 861 alio
461 799 682 863 habitu
724 809 902 865 erant
921 849 938 878 ,
997 819 1182 882 quam
1243 799 1809 882 phoenicopterus,
1868 800 2073 884 gallus
2114 805 2384 887 gallina-

135 917 290 960 ceus
312 945 329 973 ,
399 899 598 964 altera
639 921 848 986 upupa
870 950 888 981 ,
955 901 1374 988 κατωφαγᾶς.
1480 901 1744 966 Corvum
1804 905 2117 985 expressis
2180 909 2384 972 verbis

135 1009 664 1066 commemoratur
723 1003 1046 1089 φορβείαν
1100 1001 1397 1067 babuisse
1414 1049 1433 1077 ‚
1514 1003 1847 1086 capistrum
1916 1005 2163 1070 musicis
2225 1031 2385 1092 pro-

129 1103 337 1183 prium
359 1151 380 1180 ,
421 1106 502 1170 de
538 1127 664 1188 quo
705 1106 1136 1188 copiosissime
1169 1104 1296 1188 egit
1320 1105 1711 1189 Boettigerus
1750 1114 1959 1189 script.
2000 1107 2145 1170 min.
2180 1113 2319 1176 Vol.
2336 1116 2383 1190 1,

127 1227 193 1287 p.
215 1207 296 1271 51
337 1227 511 1291 seqq.
593 1210 766 1273 Idem
826 1209 974 1290 quin
1031 1207 1113 1270 sit
1151 1209 1423 1270 Procnes
1467 1201 1543 1275 τὸ
1600 1207 1865 1294 λέμμα,
1922 1211 2097 1294 cujus
2150 1216 2381 1280 mentio

126 1308 203 1372 fit
259 1313 366 1375 Vs.
403 1313 528 1376 673
556 1333 682 1394 sq„
752 1331 878 1374 non
938 1311 1182 1374 videtur
1245 1311 1536 1398 dubium,
1598 1319 1667 1373 ut
1720 1331 1923 1394 neque
1976 1311 2173 1391 illud,
2234 1317 2381 1398 quin

89 1429 94 1434 '
133 1410 381 1499 ῥύγχος
432 1411 850 1499 ὀβελίσκοιν,
912 1414 1083 1496 quod
1135 1414 1204 1476 in
1243 1413 1357 1476 illo
1400 1413 1607 1476 inesse
1663 1415 1963 1498 legimus,
2025 1417 2105 1481 de
2150 1421 2381 1503 duplici

127 1513 283 1574 tibia
309 1514 388 1577 sit
407 1514 891 1600 intelligendum.
931 1517 1134 1597 Atque
1160 1515 1313 1579 illud
1341 1517 1675 1598 capistrum
1706 1537 1835 1582 non
1873 1520 2067 1584 fuisse
2094 1532 2385 1603 quattuor

121 1616 254 1678 illis
315 1619 530 1682 avibus
551 1667 568 1694 ,
636 1630 870 1686 tantum
913 1640 1043 1682 non
1087 1628 1324 1682 certum
1384 1619 1641 1683 videtur.
1727 1621 1847 1683 Vix
1888 1625 2051 1686 enim
2096 1633 2193 1686 est
2234 1646 2382 1688 cre-

121 1719 340 1798 dibile,
385 1721 622 1804 alioqui
665 1744 744 1786 ne
784 1726 982 1788 verbo
1027 1723 1276 1806 quidem
1327 1731 1685 1786 notaturum
1728 1723 1919 1786 fuisse
1961 1737 2229 1807 poetam.
2295 1732 2381 1794 Pa

121 1827 280 1888 riter
322 1845 404 1888 ex
434 1827 556 1889 hac
587 1830 808 1891 eadem
847 1845 1070 1890 caussa
1103 1845 1256 1888 vero
1293 1826 1539 1887 videtur
1564 1823 1786 1900 simile,
1824 1827 2103 1890 Procnen
2134 1838 2198 1893 et
2228 1849 2381 1895 cor-

121 1949 274 1991 vum
299 1931 574 1992 caruisse
599 1929 794 1992 soleis
817 1928 941 1990 illis
974 1927 1320 2003 altioribus,
1352 1926 1433 1988 de
1456 1925 1679 2008 quibus
1710 1945 1895 2008 supra
1924 1928 2207 1996 vidimus.
2268 1933 2379 1996 His

121 2033 316 2114 igitur
353 2034 534 2095 nixus
579 2030 1004 2112 discrepantiis
1047 2030 1134 2092 ita
1177 2029 1399 2110 aliquis
1442 2027 1875 2092 ratiocinetur:
1916 2051 2105 2112 quum
2148 2042 2379 2098 certum

117 2137 245 2210 sit,
289 2134 616 2198 lusciniam
671 2144 736 2196 et
777 2153 1034 2197 corvum
1077 2151 1306 2196 canere
1351 2131 1550 2209 tibiis,
1620 2131 2013 2196 statuendum
2058 2153 2199 2198 esse
2252 2145 2379 2212 aut,

115 2241 290 2302 inter
312 2245 604 2320 quattuor
635 2235 776 2300 illas
807 2255 956 2300 aves
993 2235 1232 2298 nullum
1273 2236 1469 2298 fuisse
1512 2235 1825 2298 tibicinem
1858 2255 2065 2318 neque
2092 2237 2376 2304 tibicines

117 2342 406 2406 scenicos
465 2342 555 2404 uti
613 2340 940 2404 altioribus
1003 2342 1194 2404 soleis
1261 2360 1603 2404 consuesse
1626 2387 1645 2416 ,
1710 2349 1817 2404 aut
1878 2349 2171 2421 quattuor
2228 2364 2377 2410 aves

119 2447 382 2509 omniuo
427 2465 554 2510 non
594 2445 788 2508 fuisse
827 2445 1122 2507 musicos.
1205 2445 1300 2508 Ex
1335 2443 1563 2525 quibus
1602 2464 1792 2525 quum
1831 2461 1927 2520 ea,
1972 2461 2135 2525 quae
2166 2448 2378 2527 priore

114 2548 272 2612 loco
313 2549 518 2630 posita
578 2557 750 2624 sunt,
811 2547 918 2610 vix
978 2545 1118 2608 fieri
1174 2547 1378 2628 possit
1433 2553 1503 2610 ut
1560 2547 1921 2621 credamus,
1980 2547 2177 2611 altera
2217 2551 2377 2618 haec

115 2652 512 2716 ratiocinatio
547 2650 776 2714 eodem
805 2651 1076 2725 duceret,
1122 2668 1248 2729 qno
1291 2649 1421 2726 illa,
1474 2668 1661 2731 quam
1703 2649 1923 2733 paullo
1956 2669 2149 2734 supra
2194 2673 2377 2720 com-

113 2754 588 2818 municavimus.
624 2787 710 2804 --
751 2755 851 2818 Ad
901 2753 1064 2817 haec
1107 2751 1294 2836 igitur
1328 2754 1463 2837 jam
1518 2755 1636 2816 erit
1688 2755 2195 2836 respondendum
2238 2762 2375 2824 sin-

109 2856 402 2940 gillatim.
511 2858 652 2934 Qua
703 2859 770 2922 in
825 2879 898 2922 re
953 2859 1196 2940 agenda
1258 2859 1405 2922 dum
1463 2861 1525 2921 in
1582 2860 1935 2922 universum
1992 2863 2373 2928 servabimus

113 2960 427 3035 ordinem,
469 2960 710 3022 initium
743 2969 950 3022 tamen
991 2960 1254 3024 facimus
1297 2961 1378 3024 de
1424 2981 1615 3024 corvo
1662 2960 2059 3026 disserentes.
2140 2966 2201 3036 Is
2228 2985 2375 3028 mu·-

109 3064 286 3125 sicus
327 3079 532 3142 neque
574 3061 653 3122 ad
701 3060 962 3124 chorum
988 3061 1260 3142 pertinet
1299 3082 1506 3142 neque
1544 3062 1629 3124 ad
1672 3071 1935 3136 actores,
1978 3066 2093 3128 sed
2136 3067 2215 3129 ad
2256 3087 2373 3131 so-

107 3166 250 3226 lam
300 3183 624 3246 pompam,
693 3183 854 3246 quae
909 3163 974 3224 in
1029 3181 1279 3228 scenam
1333 3163 1677 3239 inducitur;
1735 3173 1950 3228 notum
2011 3175 2105 3230 est
2146 3178 2373 3245 autem,

106 3277 366 3332 veteres
435 3268 660 3332 solitos
722 3267 914 3330 fuisse
980 3267 1173 3330 sacris
1243 3267 1529 3330 tibicines
1595 3265 1915 3331 adbibere.
2000 3269 2121 3342 Qui
2185 3277 2374 3352 post-

113 3389 312 3451 quam
362 3389 610 3433 scenam
655 3371 968 3452 ingressus
1011 3376 1109 3432 est
1149 3377 1296 3450 post
1323 3370 1429 3431 Vs.
1473 3367 1621 3441 850,
1674 3367 1805 3430 abit
1849 3377 1995 3449 post
2028 3371 2132 3432 Vs.
2177 3373 2369 3449 1057;

103 3474 174 3536 si
215 3480 546 3554 praeterea
587 3473 742 3536 tibia
786 3472 1113 3546 cecinerit,
1173 3489 1342 3552 pone
1400 3488 1653 3532 scenam
1694 3469 1919 3534 fecerit
1959 3491 2219 3535 necesse
2262 3483 2373 3551 est,

107 3575 326 3658 quod,
395 3596 508 3639 cur
547 3578 634 3639 ita
697 3573 777 3637 sit
829 3573 1204 3649 institutum,
1277 3593 1469 3655 quum
1526 3570 1775 3634 idoneis
1833 3573 2181 3636 rationibus
2246 3594 2372 3639 non
2416 3651 2421 3658 θ

99 3677 318 3760 possit
357 3677 790 3752 demonstrari,
832 3675 1042 3757 potius
1085 3674 1555 3738 concedendum
1600 3672 1745 3750 erit,
1788 3693 1915 3736 nou
1948 3693 2083 3740 esse
2124 3678 2369 3762 factum.

106 3781 318 3858 Quin,
389 3801 532 3844 eum
573 3801 652 3844 ne
694 3781 772 3842 iis
817 3779 1066 3862 quidem
1111 3778 1368 3840 canticis
1414 3778 1567 3839 tibia
1608 3776 1963 3858 adspirare,
2026 3797 2187 3860 quae
2230 3789 2373 3843 sunt

101 3886 220 3946 Vs.
258 3883 378 3946 851
423 3903 562 3965 sqq.
623 3891 688 3946 et
727 3884 852 3948 895
891 3901 1048 3962 sqq„
1105 3880 1521 3961 probabiliter
1562 3881 1851 3944 concludi
1890 3889 2103 3962 potest
2144 3902 2225 3945 ex
2268 3902 2369 3961 eo,

101 3986 292 4068 quod
349 3987 596 4050 demum
651 3987 767 4050 sub
811 3985 998 4048 finem
1058 3984 1286 4065 prioris
1348 3982 1569 4046 cantici
1633 3984 1787 4046 tibia
1830 4003 2057 4046 canere
2092 3984 2366 4068 jubetur,

99 4088 361 4167 Similis,
403 4097 472 4154 ut
509 4090 772 4166 videtur,
817 4089 928 4152 sed
983 4088 1232 4152 diversa
1275 4095 1487 4148 tamen
1528 4084 1831 4150 lusciniae
1870 4088 2035 4150 ratio
2080 4097 2191 4152 est.
2274 4091 2369 4152 Ea

97 4198 174 4250 et
235 4189 374 4270 ipsa
432 4192 626 4255 breve
667 4198 904 4254 tantum
963 4199 1202 4272 tempus
1259 4193 1545 4256 versatur
1598 4189 1665 4250 in
1707 4205 1913 4250 scena.
2015 4191 2161 4252 Abit
2202 4191 2367 4253 euim

97 4293 318 4354 statim
359 4302 508 4374 post
573 4295 678 4355 Vs.
723 4295 870 4369 800,
916 4292 980 4354 id
1026 4293 1197 4374 quod
1242 4311 1389 4354 cum.
1440 4289 1580 4352 aliis
1630 4290 1709 4352 de
1756 4289 1991 4352 caussis
2031 4291 2365 4372 probabile

1746 4393 1783 4452 4
1810 4395 1829 4420 «
