2759 5084
1039 222 1459 284 ...49-

133 383 496 448 Odofredns.
523 385 854 450 Muencrus
895 387 1066 465 libri,
1131 411 1256 472 quo
1299 392 1383 454 de
1424 393 1695 455 Etruscis
1740 396 2059 473 exposuit,
2103 395 2243 456 Vol.
2286 396 2359 456 ll.

127 507 186 567 p.
229 485 352 550 202
385 487 558 552 baec
594 490 952 574 perscripsit
993 493 1073 554 ad
1116 492 1321 556 locum
1363 495 1591 556 Suidae
1632 495 2035 576 pertinentia:
2102 489 2361 578 «gewiss

113 591 340 684 -fiibrte⁴
384 592 554 656 nieht
609 600 736 658 erst
774 595 1171 679 Antigenidas
1235 599 1302 662 in
1361 599 1819 664 Griechenland
1862 601 1972 663 das
2016 600 2361 680 San-angs-

123 691 301 758 ηαδ
356 693 486 776 (des
541 697 892 780 Lydiscben
943 701 1220 764 Bacchus
1278 700 1572 785 Attribut)
1634 704 1763 765 und
1826 703 1929 764 die
1970 700 2359 764 Milesiscben

126 796 368 860 Schube
408 785 514 862 bei
555 799 679 862 den
719 801 1208 885 Fltitenspielern
1253 793 1413 870 ein'».
1498 807 1577 869 Et
1631 805 1951 868 fatendum
1994 813 2118 878 est,
2174 801 2369 866 etiam'

71 985 74 988 ἡ
121 900 210 978 id,
271 893 438 984 quod
501 904 721 968 eadem
785 923 885 967 res
957 907 1124 989 apud
1184 909 1438 972 Suidam
1496 909 1769 972 refertur
1826 907 1907 970 de
1970 903 2357 987 Antigenidn,

119 1005 280 1085 aPuti
343 1006 665 1069 Libaninm
682 1053 701 1083 ,
779 1012 950 1093 cujus
1017 1012 1222 1073 locum
1291 1012 1603 1094 ignoravit
1669 1009 2005 1074 Muellerus
2021 1055 2038 1084 ,
2129 1007 2357 1069 tribui-

117 1115 214 1169 tur
269 1109 502 1185 Batalo,
546 1143 632 1158 —-
693 1113 952 1175 eosdem
1007 1113 1170 1174 enim
1221 1133 1360 1178 esse
1402 1115 1645 1178 calceos
1688 1114 1963 1177 Milesios
2022 1118 2087 1174 et
2127 1107 2357 1172 mulie-

112 1210 258 1273 bres
297 1217 536 1278 tantum
577 1231 704 1275 non
747 1221 980 1278 certum
1037 1216 1280 1278 videtur
1319 1255 1403 1268 -
1458 1216 1656 1280 videri
1706 1234 1825 1300 pro
1878 1212 2183 1278 sententia
2240 1211 2357 1273 viri

111 1313 332 1375 summi
391 1333 700 1398 pugnare,
761 1315 880 1378 nisi
943 1319 1078 1400 quis
1145 1319 1439 1381 maluerit
1506 1325 1812 1394 statuere,
1878 1315 2159 1378 Batulum
2226 1332 2353 1376 vo-

108 1423 311 1478 catum
353 1435 490 1479 esse
535 1418 718 1480 etiam
761 1421 1209 1502 Antigenidam.
1296 1421 1479 1497 Quid,
1524 1422 1578 1484 si
1612 1440 1729 1486 nos
1768 1422 1857 1484 ita
1900 1439 2039 1484 esse
2084 1426 2353 1482 conten-

108 1520 378 1582 (ierimus
425 1529 486 1584 et
524 1521 788 1604 proinde
849 1524 912 1585 in
971 1524 1314 1605 depravato
1380 1525 1625 1588 scholio
1690 1525 1771 1588 ad
1827 1522 2149 1591 Aeschinis
2194 1530 2351 1584 orat.

105 1642 154 1684 c.
199 1623 605 1700 Timarchum,
625 1663 630 1666 ·
649 1625 715 1708 §-
748 1625 872 1692 126
910 1626 1141 1690 hoece:
1196 1627 1376 1695 >donst
1424 1626 1495 1694 δέ
1533 1651 1655 1711 μοι
1698 1628 2015 1716 λελέχθαι
2055 1619 2355 1709 finitum

102 1725 292 1810 napo?
331 1724 406 1794 τὸ
449 1721 832 1804 Εὐπόλιδος
882 1732 1181 1822 σκῶμμα·
1245 1735 1487 1803 ἐκεῖνος
1526 1721 1655 1813 γὰρ
1692 1723 1829 1796 sinti
1870 1731 2005 1796 τῶν
2048 1727 2351 1794 Βαπτῶν

99 1820 404 1911 ὀνόματα
468 1843 607 1905 τοῖς
649 1835 932 1926 αἰσχροῖς
951 1883 974 1912 ,
1032 1833 1137 1898 καὶ
1189 1827 1513 1917 τιγροῖνην
1565 1823 1871 1914 βᾶταλον
1940 1821 2059 1896 ὕπ’
2124 1820 2351 1895 αὐτῶν

97 1931 470 2007 salernam,
507 1949 626 2012 pro
663 1933 858 1997 verbo
901 1925 1256 2018 τιγριὲνην,
1321 1931 1493 2014 quod
1534 1933 1599 1994 in
1637 1933 1788 1996 vitio
1832 1951 1969 1996 esse
2006 1933 2139 2015 jam
2179 1928 2346 1992 Mei-

94 2034 316 2098 nekius
357 2034 397 2095 1.
443 2055 493 2097 c.
547 2057 609 2117 p.
649 2035 774 2100 335
819 2035 1114 2098 odoratus
1178 2042 1300 2109 est,
1356 2035 1821 2098 rescribendum
1866 2033 2348 2118 conjecerimus:

90 2131 722 2223 'Avv'tyem'dnvi‘
803 2137 1004 2213 Quam
1051 2138 1234 2202 facile
1272 2139 1535 2202 initiales
1576 2139 1795 2202 literae
1836 2138 2021 2222 hujus
2082 2136 2347 2200 nomi-nis

87 2248 356 2322 propter
413 2241 834 2312 antecedentis
893 2239 1180 2306 vocabuli
1234 2242 1447 2305 literas
1500 2239 1721 2304 finales
1780 2240 2069 2306 excidere
2110 2247 2347 2324 potue-

87 2345 216 2406 rint
232 2392 250 2420 ,
304 2345 368 2406 in
409 2345 741 2424 propatulo
787 2351 882 2407 est
919 2334 1120 2408 situm.
1249 2346 1581 2408 Praeterea
1624 2345 1843 2406 similia
1864 2391 1879 2420 ,
1948 2351 2133 2424 atque
2178 2341 2345 2424 apud

86 2447 421 2508 Libaninm
495 2447 576 2508 de
637 2447 852 2508 Batalo
927 2447 1366 2528 praedicantur
1383 2494 1400 2522 ,
1471 2447 1551 2510 de
1623 2446 1991 2528 Antigenida
2049 2446 2247 2508 relata
2308 2461 2345 2506 e

85 2550 534 2633 Theophrasto
609 2559 674 2614 et
725 2551 920 2614 Plinio
982 2551 1190 2613 citavit
1249 2552 1377 2632 jam
1454 2549 1789 2612 Salmasius
1867 2547 2016 2612 Plin.
2077 2547 2343 2610 Exercit.

80 2674 144 2735 p.
181 2653 270 2716 85
312 2655 365 2715 A
411 2660 474 2715 et
513 2654 594 2728 Β,
658 2671 820 2734 qnae
863 2660 930 2716 ut
973 2653 1054 2714 de
1096 2653 1345 2736 juniore
1385 2651 1753 2735 Antigenida
1794 2651 2005 2719 valere
2041 2651 2185 2732 jure
2226 2668 2345 2712 suo

81 2757 404 2818 censuerit
441 2754 802 2832 Meinekius,
847 2757 1090 2838 Fragm.
1136 2755 1305 2818 Com.
1349 2755 1453 2818 Gr.
1496 2756 1636 2817 Vol.
1673 2755 1773 2816 111.
1816 2775 1878 2836 p.
1922 2754 2075 2828 188,
2118 2752 2343 2828 referri

81 2865 298 2920 tamen
343 2877 542 2939 aeque
597 2859 762 2921 bene
805 2860 886 2921 ad
931 2859 1134 2940 Satyri
1176 2857 1370 2920 filium
1408 2876 1599 2940 posse
1620 2903 1637 2932 ,
1685 2859 1815 2940 jam
1874 2875 1951 2920 ex
2004 2857 2079 2920 iis
2097 2905 2114 2932 ,
2178 2875 2341 2938 quae

81 2963 258 3042 apud
300 2961 554 3023 Suidam
612 2963 841 3042 scripta
907 2961 1196 3042 leguntur
1261 2961 1340 3022 de
1402 2963 1651 3038 vestitu,
1719 2980 1844 3042 quo
1910 2959 2015 3024 hic
2044 2957 2135 3022 'sit
2178 2979 2341 3037 usus,

82 3063 387 3124 credibile
429 3061 516 3124 fit.
600 3064 756 3126 illud
800 3063 854 3132 si
894 3081 1047 3126 vere
1088 3065 1493 3147 conjecimus,
1552 3070 1775 3145 sponte
1818 3071 2109 3145 apparet,
2154 3083 2339 3146 quam

79 3166 270 3228 facile
313 3163 452 3228 fieri
513 3169 818 3248 potuerit,
881 3153 946 3229 ut
1005 3167 1086 3229 de
1144 3168 1424 3249 Ephesio
1462 3168 1709 3230 tibicine
1728 3215 1744 3243 ,
1816 3167 1915 3230 cui
1968 3167 2183 3232 Batalo
2227 3165 2343 3230 fuit

79 3267 220 3331 sive
277 3255 506 3331 nomen
551 3270 682 3333 sive
729 3287 1098 3352 cognomen,
1161 3270 1385 3331 eadem
1438 3270 1635 3331 relata
1674 3269 1955 3353 legamus
2014 3278 2199 3350 atque
2258 3268 2339 3329 de

74 3369 475 3452 Antigenida.
571 3357 749 3435 Illum
794 3379 1002 3434 antem
1046 3371 1172 3434 hoc
1223 3371 1535 3453 juniorem
1594 3371 1813 3446 fuisse,
1858 3377 2337 3432 consentaneum

79 3481 178 3536 est
227 3493 368 3536 eum
411 3483 711 3550 statuere,
771 3477 876 3556 qui
928 3474 1342 3556 adstipuletur
1392 3473 1499 3548 iis,
1555 3491 1717 3554 quae
1758 3491 1798 3534 a
1840 3470 2149 3534 Meinekio
2192 3481 2257 3534 et
2298 3491 2337 3534 a

75 3581 402 3642 nobismet
439 3580 589 3660 ipsis
635 3566 942 3660 disputata
985 3585 1144 3654 sunt,
1189 3585 1254 3640 et
1295 3595 1375 3640 ex
1416 3577 1518 3651 iis,
1565 3595 1725 3657 quae
1742 3577 2067 3638 traduntur
2108 3593 2147 3636 a
2182 3575 2337 3638 Plu-

75 3683 302 3746 tarcho
349 3685 451 3747 vit.
503 3683 825 3745 Demosth.
869 3701 1002 3762 cap.
1033 3683 1093 3756 4,
1136 3683 1474 3764 Ephesium
1514 3679 1827 3743 tibicinem
1868 3679 1949 3740 ab
1985 3677 2335 3760 Antiphane

77 3786 460 3867 exagitatum
515 3805 652 3847 esse
708 3783 1038 3866 probabile
1099 3783 1299 3845 ducat.
1406 3785 1530 3846 Sed
1592 3783 1751 3846 baec
1830 3782 2037 3846 omnia
2091 3779 2337 3842 infirma

76 3908 224 3950 esse
270 3897 456 3970 atque
514 3889 703 3951 dubia
769 3889 1088 3952 fatendum
1157 3893 1267 3950 est.
1351 3888 1529 3963 Quae
1574 3909 1761 3970 quum
1814 3889 1900 3952 ita
1942 3889 2086 3961 sint,
2152 3885 2333 3947 facile

73 3992 305 4072 aliquis
349 3993 700 4073 scrupulum
743 3992 975 4076 injiciat
1015 3993 1104 4054 sic
1147 3991 1553 4052 ratiocinans:
1614 3993 1906 4074 quoniam
1950 3994 2185 4051 certum
2226 3990 2331 4052 vi-

75 4096 340 4171 deatur,
402 4113 604 4176 neque
646 4095 963 4158 lusciniam
1023 4115 1226 4178 neque
1287 4113 1543 4158 corvum
1587 4096 1865 4158 tibicines
1908 4099 2185 4177 gestasse
2226 4092 2331 4153 illa

74 4197 468 4280 κρουπὲζια,
515 4202 710 4282 magis
755 4201 940 4262 etiam
984 4219 1137 4263 vero
1179 4198 1318 4262 fieri
1370 4199 1600 4272 simile,
1654 4196 1965 4272 tibicines,
2024 4202 2329 4278 quotquot

73 4299 374 4362 affuerint
416 4301 478 4363 in
524 4301 750 4364 Avibus
818 4303 1092 4385 agenda,
1157 4302 1280 4366 hoc
1345 4301 1765 4364 calceamento
1810 4319 1937 4362 non
1984 4317 2118 4360 essc
2162 4317 2327 4373 usos,
