2759 5084
1284 240 1710 305 -73-

366 416 529 501 typis
590 428 821 476 excusa
882 417 1126 476 exstant
1147 460 1162 488 ‚
1236 410 1468 497 legenti
1555 418 1741 493 atque
1805 409 2108 494 relegenti
2175 427 2307 473 non
2375 409 2635 473 videtur

364 514 714 599 probabile.

368 686 557 755 Agitur
582 686 651 737 de
664 699 885 735 numero
916 688 972 734 et
999 698 1128 733 sexu
1158 679 1550 735 choreuma.
1625 680 1945 751 Disputatur
1983 677 2049 729 de
2089 674 2272 735 modo,
2301 689 2406 743 quo
2433 672 2631 725 chorus

364 775 649 845 prodierit,
678 774 852 843 deque
880 768 1227 829 stationibus,
1259 784 1392 837 quae
1428 774 1553 839 post
1582 768 1758 839 iprum
1787 770 2106 837 ingressum.
2134 763 2357 832 ceperit.
2433 760 2633 814 Osten-

366 863 535 923 ditur,
571 877 832 929 quaenam
867 858 980 908 avis
1019 858 1376 929 coryphaeum
1422 858 1609 927 egerit.
1685 856 1748 908 In
1801 864 2112 909 transcursu
2153 852 2505 903 emendantur
2543 852 2631 903 vel

366 957 641 1003 tentantur
666 948 812 1008 loci,
850 947 945 1015 qui
980 952 1106 998 eunt
1139 944 1468 997 Acharneus.
1507 942 1602 995 Vs.
1635 941 1739 995 3¹8
1777 950 1832 995 et
1873 943 2041 1013 hujus
2081 940 2253 1011 ipsius
2283 940 2502 997 fabulae
2533 944 2629 996 Vs.

370 1042 495 1105 591,
536 1040 661 1103 5⁹2,
704 1038 839 1100 5⁹⁷,
890 1036 1029 1099 6033
1078 1035 1353 1105 quaeritur
1405 1034 1474 1085 de
1521 1030 1902 1083 distributione
1949 1046 2200 1083 versuum
2229 1074 2238 1083 .
2267 1046 2412 1083 nuuc
2463 1032 2632 1101 vulgo

366 1130 591 1201 upupae
624 1128 1038 1196 adscriptorum,
1076 1125 1173 1195 qui
1204 1125 1463 1191 leguntur
1503 1120 1632 1173 inde
1665 1120 1736 1173 ab
1770 1121 1868 1175 Vn.
1909 1121 2014 1173 ⁵53
2047 1138 2218 1193 nque
2272 1122 2344 1185 ad
2376 1119 2472 1172 Vs.
2501 1118 2630 1170 609.

532 1254 712 1325 Aves,
756 1267 917 1332 quae
960 1246 1043 1310 ad
1085 1246 1347 1310 chorum
1387 1245 1732 1327 pertinent,
1794 1254 2087 1327 quattuor
2129 1253 2192 1310 et
2231 1245 2445 1329 viginti
2487 1266 2633 1310 esse

370 1374 665 1430 numero,
728 1359 797 1414 ut
838 1371 977 1414 mos
1018 1350 1410 1432 postulabat,
1463 1352 1595 1434 jam
1635 1350 1700 1411 in
1742 1349 1940 1412 schol.
1983 1348 2066 1414 ad
2105 1352 2212 1413 Vs.
2247 1350 2374 1414 297
2417 1350 2638 1413 adno-

368 1464 565 1519 tatum
607 1462 719 1517 est.
826 1454 1015 1528 Quod
1070 1453 1489 1517 Schneiderus
1555 1450 1864 1516 existimat
1917 1452 1959 1515 1.
1995 1472 2049 1515 c.
2105 1474 2167 1535 p.
2205 1454 2348 1531 118,
2391 1452 2632 1519 chora-

374 1578 519 1641 gum
574 1557 851 1638 quintam
896 1563 959 1619 et
1016 1555 1373 1619 vicesimam
1413 1553 1604 1617 fuisse
1647 1555 1868 1618 comici
1911 1556 2087 1619 chori
2127 1576 2493 1639 personam,
2556 1579 2634 1622 ea

370 1661 678 1724 sententia
738 1667 800 1724 et
851 1680 965 1745 per
1020 1679 1089 1723 se
1149 1664 1321 1722 certo
1369 1665 1542 1721 caret
1597 1658 2004 1721 fundamento
2062 1669 2126 1723 et
2179 1680 2288 1738 eo,
2352 1664 2526 1744 quod
2566 1664 2632 1725 in

368 1764 491 1827 bac
532 1762 749 1827 fabula
802 1782 919 1825 usu
962 1762 1209 1826 venisse
1277 1762 1682 1825 certissimum
1729 1767 1856 1840 est,
1919 1782 2178 1843 prorsus
2220 1766 2628 1848 redarguitur.
2739 1828 2741 1839 ,

369 1864 557 1940 Quod
628 1863 711 1924 ad
790 1882 1008 1926 sexum
1088 1862 1313 1925 harum
1370 1862 1578 1926 avium
1655 1863 1905 1940 attinet,
1970 1865 2157 1950 digna
2221 1874 2397 1945 sunt,
2468 1886 2632 1949 quae

370 1965 830 2039 exscribantur,
876 1963 1068 2027 verba
1112 1962 1194 2025 ad
1234 1962 1438 2043 Equit.
1480 1965 1588 2027 Vs.
1624 1965 1750 2028 589
1794 1985 1833 2029 a
1874 1973 2086 2030 vetere
2125 1968 2462 2051 interprete
2502 1968 2630 2029 ad-

368 2075 586 2132 notata
664 2066 933 2128 haecce:
1003 2062 1428 2147 Συνειστήκει
1513 2060 1548 2132 o‘
1610 2061 1803 2156 χορὸς
1872 2062 1910 2134 ὅ
1975 2072 2111 2152 μὲν
2195 2064 2480 2155 κωμικὸς
2565 2076 2634 2149 ἐξ
2739 2088 2741 2115 ¹

370 2164 629 2254 ἄνδριόν
667 2166 800 2251 ἤδη
842 2166 951 2233 καὶ
1014 2166 1349 2251 γυναικῶν
1409 2162 1586 2250 ὁμοί
1648 2166 1718 2233 δὲ
1781 2168 1890 2234 καὶ
1957 2174 2027 2235 ἐκ
2073 2170 2328 2238 παίδων
2369 2163 2464 2238 κδ’
2481 2221 2507 2251 ,
2548 2168 2637 2247 αἷς

368 2270 479 2337 καὶ
528 2256 731 2343 οὗτος
774 2266 1254 2352 ἀπηρίθμησεν
1298 2272 1371 2332 ἐν
1401 2263 1719 2353 Ὄρνισιν
1761 2265 2040 2359 ἄῤῥενας
2091 2275 2226 2355 μὲν
2287 2268 2475 2359 ὅρνις
2515 2272 2636 2359 ιβ’,

367 2368 653 2457 θηλείας
695 2370 765 2437 δὲ
804 2366 1162 2446 τοσαύτας.
1203 2406 1287 2419 -
1330 2366 1530 2437 Ἐστι
1572 2369 1642 2437 δὲ
1686 2366 1797 2437 ὅτε
1840 2374 1947 2439 καὶ
1989 2365 2310 2461 ἦμιχόρια
2359 2380 2634 2443 ἵσταντο

369 2473 665 2560 (comicos
724 2480 949 2555 poetas
1010 2472 1179 2557 dicit)
1240 2469 1388 2557 ἦτοι
1441 2476 1513 2549 ἐξ
1572 2465 1830 2558 ἀνδρῶν
1871 2474 1980 2541 καὶ
2024 2475 2376 2558 γυναικῶν·
2446 2480 2522 2544 ἐν
2562 2478 2635 2545 δὲ

366 2592 504 2652 τοῖς
544 2573 875 2652 τοιούτοις
937 2590 1149 2666 χοροῖς
1208 2579 1269 2642 εἰ
1324 2580 1459 2660 μὲν
1522 2580 1588 2654 ἐξ
1654 2570 1910 2663 ἆνδρῶν
1977 2582 2081 2662 εἴη
2123 2577 2233 2643 καὶ
2297 2580 2635 2660 γυναικῶν

369 2673 408 2739 ὅ
448 2678 681 2769 χορός,
721 2680 1131 2747 ἐπλεονέκτει
1172 2674 1253 2745 τὰ
1296 2678 1430 2745 τῶν
1472 2670 1732 2763 ἀνδρῶν
1771 2680 1978 2765 μέρος
2023 2681 2134 2747 καὶ
2175 2671 2351 2764 ἦσαν
2393 2678 2516 2765 ιγ’,
2561 2686 2633 2747 αἱ

366 2778 438 2847 δὲ
475 2794 780 2866 γυναῖκες
822 2779 912 2847 eoi·
958 2784 1020 2847 εἰ
1064 2781 1137 2849 δὲ
1178 2785 1249 2846 ἐκ
1308 2780 1576 2847 παίδων
1617 2785 1722 2865 εἴη
1776 2784 1886 2850 καὶ
1947 2785 2320 2869 γυναικῶν,
2387 2789 2459 2850 αἱ
2498 2788 2636 2869 μὲν

364 2896 673 2967 γυναῖκες
715 2882 799 2969 ιγ’
855 2875 1053 2969 ἦσαν,
1114 2887 1179 2951 οἱ
1232 2882 1302 2950 δὲ
1376 2882 1609 2959 παῖδες
1664 2877 1756 2950 eoi·
1826 2888 1887 2952 εἰ
1949 2885 2020 2953 δὲ
2065 2884 2461 2969 πρεσβυτῶν
2529 2886 2634 2951 καὶ

366 2985 559 3063 νέων,
601 2980 765 3063 τούς
808 2980 1188 3071 πρεσβύτας
1231 2984 1652 3052 πλεονεκτεῖν
1689 2985 1822 3053 δεῖν
1858 2984 2082 3071 φασίν.
2172 2986 2265 3046 De
2310 3004 2435 3066 quo
2479 2985 2632 3049 loco

366 3085 705 3167 disputavit
762 3086 1115 3151 Boeckhius
1159 3086 1304 3148 libri
1348 3086 1430 3149 de
1472 3087 1750 3150 Graecae
1812 3086 2180 3170 tragoediae
2245 3088 2634 3169 principibus

364 3209 425 3272 p.
454 3190 537 3253 70
562 3209 700 3271 sqq.
786 3188 997 3253 Credit
1040 3190 1133 3253 vir
1173 3210 1487 3268 summm,
1543 3190 1681 3252 falli
1735 3189 2142 3252 scholiastam
2181 3189 2249 3251 in
2295 3210 2405 3268 eo,
2460 3193 2636 3274 quod

364 3311 511 3355 aves
558 3292 818 3356 totidem
882 3292 1193 3357 masculas
1256 3300 1319 3357 et
1380 3293 1644 3356 seminas
1689 3292 1885 3355 dicat:
1951 3290 2196 3366 »Quum
2240 3294 2441 3356 enim»
2464 3342 2481 3370 ,
2525 3296 2633 3370 ait,

371 3394 524 3455 »sub
564 3393 756 3458 finem
797 3394 1051 3459 fabulae
1093 3396 1448 3460 hemichori
1492 3393 1806 3458 constituti
1851 3392 2006 3471 sint,
2065 3395 2484 3457 necessarium
2525 3396 2635 3459 vi-

367 3494 578 3575 detur,
620 3505 689 3561 ut
732 3499 889 3562 alter
930 3499 1011 3561 sit
1051 3498 1498 3574 mascularum,
1544 3495 1705 3557 alter
1746 3496 2115 3559 feminarum
2135 3544 2151 3574 ‚
2195 3504 2382 3577 atque
2423 3504 2493 3559 nt
2525 3499 2635 3561 fe·-

366 3597 667 3661 minarum
729 3608 945 3664 coetus
1008 3602 1269 3666 ducatur
1321 3620 1360 3663 a
1417 3599 1756 3663 mascula».
1859 3600 1941 3663 Et
1999 3599 2318 3662 masculae
2379 3599 2638 3680 quidem

363 3696 484 3778 ipsi
560 3700 849 3765 videntur
922 3724 1092 3767 esse:
1170 3701 1438 3785 πέρδιξ,
1513 3700 1849 3789 σῖτταγᾶς,
1930 3702 2279 3788 πηνέλοψ,
2352 3694 2639 3776 α’λιιυῶν,

364 3798 680 3884 κηρύλος,
725 3804 1017 3888 κορυδός,
1058 3803 1245 3877 ἐλεᾶς
1266 3853 1288 3882 ,
1328 3802 1768 3892 κεβλήπυρις,
1809 3805 2078 3888 νέρτος,
2119 3804 2340 3891 ἱέραξ,
2381 3798 2640 3879 κόκκυξ,

362 3899 823 3989 ἐρυθρόπους,
886 3904 1146 3990 δρύοψ,
1198 3906 1471 3969 feminae
1511 3927 1705 3970 vero:
1769 3906 2015 3993 γλαῦξ,
2079 3906 2299 3984 κίττα,
2355 3900 2642 3990 τρυγών,

362 3995 745 4091 ύποθυμίς,
786 4007 1174 4093 περιστερά,
1213 4003 1467 4094 φάττα,
1505 4011 1872 4094 πορφυρίς,
1929 4006 2241 4108 κερχνῂς,
2283 4008 2640 4091 κολυμβίς,

365 4100 693 4191 ἄιιιπελίς,
734 4107 933 4195 φὴνη.
1016 4112 1169 4176 Mox
1211 4121 1422 4176 tamen
1464 4107 1873 4198 κεβλήπυριν
1909 4113 2117 4194 potius
2169 4110 2466 4174 feminam
2509 4109 2641 4171 ha-

363 4208 637 4272 bendam
670 4230 811 4273 esse
853 4212 1031 4290 dicit3
1079 4223 1141 4279 et
1177 4216 1261 4278 ad
1302 4222 1689 4298 postremum
1723 4215 1971 4295 »quidm
2013 4214 2239 4296 inquit,
2285 4214 2376 4276 »si
2428 4219 2642 4275 essent

364 4310 483 4372 ΧΠ
524 4311 793 4376 feminae
814 4318 845 4376 *Γ
928 4316 1149 4380 Nonne
1210 4318 1335 4381 alia
1398 4320 1488 4382 in.
1524 4318 1768 4395 avibus,
1835 4319 1961 4381 alia
2015 4318 2082 4381 in
2124 4316 2484 4381 hominibus
2531 4334 2639 4377 res
