2759 5084
1007 171 1421 230 ...51-

112 342 302 404 riutue
356 359 542 407 unum
611 338 902 422 idemque
955 337 1226 404 musicae
1281 357 1475 421 genus
1493 385 1511 415 ,
1570 359 1653 404 an
1706 339 1947 418 minum
2012 343 2065 404 si
2126 341 2343 412 minus,

109 449 256 524 quot
297 449 358 503 et
400 461 563 522 quae
604 443 1024 520 exercueriat;
1087 451 1419 523 praeterea
1438 491 1455 520 ,
1500 445 1605 524 qui
1658 443 1901 527 singula
1957 446 2347 512 emarcuerint

107 562 346 626 genera.
431 547 524 608 Ad
595 565 778 628 quam
835 547 1260 628 quaestionem
1315 549 1679 612 solvendam
1756 567 2021 631 pergens
2093 567 2345 626 moneo,

105 655 234 711 rata
273 647 564 716 habenda
623 669 764 714 esse
806 650 966 714 haec
1025 650 1190 714 duo:
1247 663 1372 716 tam
1434 653 1627 714 tibiae
1668 669 1855 732 quam
1912 651 2191 716 citharae
2242 651 2343 714 vel

103 750 270 832 lyrae
307 752 500 820 fuisse
557 774 736 816 usum
795 761 860 818 et
899 755 1108 836 plures
1153 755 1347 819 fuisse
1400 754 1681 818 tibicines
1733 771 1917 835 quam
1972 753 2347 832 citharistam

102 853 216 914 vid.
289 875 450 936 quae
525 856 994 939 disputaverunt
1055 858 1158 921 vel
1215 865 1660 940 congesserunt
1718 857 2029 920 Genellius
2086 857 2125 917 l.
2170 877 2221 920 c.
2285 876 2345 938 p.

105 960 222 1023 148
249 981 420 1043 sqq„
475 963 838 1028 Leutschius
885 963 1086 1027 diurn.
1127 963 1421 1028 scholast.
1464 982 1503 1026 a
1547 963 2039 1026 Zimmermauno
2100 960 2245 1024 edit.
2288 981 2345 1024 a.

104 1062 258 1126 1833
301 1083 365 1146 p.
393 1065 542 1140 255,
591 1066 774 1140 1031,
821 1065 1006 1142 1035,
1049 1065 1465 1131 Schneidems
1534 1067 1573 1130 1.
1634 1087 1685 1128 c.
1748 1085 1809 1146 p.
1854 1064 1972 1128 211
2016 1083 2187 1145 sqq.;
2262 1065 2345 1128 de

97 1151 330 1229 musica
371 1168 456 1233 ad
507 1169 782 1234 carmina
823 1169 1130 1233 cantanda
1173 1169 1449 1232 adhibita
1490 1169 1739 1250 saepius
1782 1168 2081 1232 monitum
2124 1187 2263 1232 esse
2308 1186 2345 1231 a

95 1268 290 1346 poetis
341 1270 622 1346 scenicis,
665 1271 962 1352 imprimis
1007 1271 1089 1334 ab
1115 1271 1427 1352 Euripide,
1472 1271 1789 1336 adnotavit
1832 1269 2017 1334 etiam
2062 1278 2127 1333 et
2162 1273 2345 1353 plura

95 1371 378 1453 exempla
433 1373 742 1455 congessit
795 1373 1144 1438 Schoellius
1187 1372 1362 1448 libri,
1418 1373 1523 1454 qui
1582 1373 1959 1437 inscribitur:
2022 1374 2344 1457 «Beitrlige

93 1491 198 1534 zur
251 1475 592 1540 Kenntuiss
651 1476 766 1539 der
819 1477 1172 1560 tragischen
1227 1477 1447 1540 Poesie
1522 1476 1635 1538 der
1690 1475 2031 1540 Griechen»
2106 1476 2248 1539 Vol.
2292 1477 2340 1541 1.

89 1595 148 1654 p.
179 1577 326 1643 397.
417 1577 944 1642 Proficiscendum
1001 1588 1208 1642 autem
1265 1581 1344 1642 ab
1406 1599 1519 1655 eo,
1584 1587 1651 1642 ut
1702 1577 2126 1659 dispiciamus,
2192 1579 2343 1658 quid

91 1678 194 1753 sit,
237 1683 412 1760 quod
435 1729 451 1757 ,
497 1703 683 1764 quum
727 1703 808 1746 eo
853 1681 994 1746 lo‘co
1018 1731 1034 1760 ,
1075 1705 1201 1766 quo
1245 1693 1537 1766 quattuor
1578 1685 1723 1746 illae
1764 1701 1911 1745 aves
1950 1681 2341 1750 orchestram

85 1781 542 1864 ingrediuntur,
601 1787 872 1868 reliqu-as
931 1787 1106 1850 nullo
1154 1788 1350 1850 verbo
1408 1785 1785 1869 significetur
1845 1785 2113 1849 musicos
2178 1804 2339 1863 esse,

86 1892 288 1952 tamen
351 1889 552 1971 gallus
635 1888 1012 1972 gallinaceus
1081 1891 1431 1973 appelletur
1489 1884 2079 1974 μουσόμαντις
2138 1885 2337 1972 ὅρνις.

85 1989 220 2054 Hoc
265 1991 550 2073 epitheto
597 2011 723 2056 nou
767 1993 996 2076 signari
1047 1993 1385 2075 quidquam
1445 1993 1607 2075 gallo
1668 1991 2005 2074 gallinaceo
2052 2001 2341 2074 tanquam

87 2093 250 2172 gallo
297 2093 646 2176 gallinaceo
713 2097 1064 2178 proprium,
1127 2097 1270 2160 inde
1337 2103 1625 2177 apparet,
1692 2095 1861 2176 quod
1924 2095 2339 2159 Pisthetaerus

82 2193 264 2260 hanc·
289 2215 474 2262 avem
517 2217 646 2261 nou
687 2199 878 2263 novit.
961 2201 1096 2264 Jam
1139 2200 1443 2264 Heuricus
1494 2199 1753 2262 Vossius
1796 2197 1878 2260 ad
1918 2199 2091 2260 illam
2132 2218 2337 2280 quae-

81 2299 356 2366 stionem
398 2300 750 2380 respondit,
810 2302 1054 2384 gallum.
1077 2301 1483 2384 gallinaceum
1524 2309 1669 2382 post
1716 2301 1919 2381 ipsum
1973 2301 2037 2362 in
2102 2302 2337 2365 orche-

78 2407 269 2464 stram
315 2404 665 2484 ingressum
707 2425 930 2466 sonum
973 2403 1244 2484 aliquem
1307 2403 1599 2468 edidisse.
1686 2404 1811 2464 Sed
1871 2403 1997 2466 hoc
2052 2405 2171 2466 sihi
2233 2412 2337 2467 te-

79 2523 254 2566 mere
303 2505 568 2584 sumpsit
609 2506 702 2567 vir
745 2505 982 2568 doctus.
1071 2506 1136 2568 Si
1191 2525 1412 2568 sonum
1476 2507 1769 2570 edidisset
1834 2506 2029 2587 gallus
2073 2507 2339 2589 gallina-

77 2625 226 2666 ceus
245 2651 262 2680 ,
315 2609 516 2686 qualis
559 2609 612 2671 is
655 2609 874 2672 fuisset
912 2610 978 2670 in
1017 2609 1206 2672 libris·
1235 2629 1415 2672 mser.
1458 2608 1874 2690 reperiremus
1916 2609 2339 2692 significatum,

76 2719 138 2770 ut
209 2729 296 2772 ex
366 2711 472 2772 Vs.
505 2712 624 2775 267
689 2721 980 2798 apparet5
1043 2714 1156 2775 sed
1217 2749 1302 2760 —
1355 2711 1421 2774 id
1484 2711 1653 2793 quod
1710 2712 1915 2774 Vossii
1970 2713 2335 2776 seutentiam

74 2813 340 2874 omnino
394 2815 634 2897 jugulat
694 2851 778 2864 --
845 2835 1004 2897 quae
1061 2825 1205 2898 post
1260 2818 1462 2898 ipsum
1524 2816 1689 2878 hunc
1744 2835 1994 2878 versum
2048 2818 2337 2899 leguntur

69 2913 394 2976 luculento
455 2918 737 2998 exemplo
795 2917 1246 2992 demonstrant,
1308 2936 1439 2979 non
1499 2917 1778 2980 sufficere
1838 2937 2057 2980 sonum
2104 2919 2333 2980 editum

71 3017 152 3076 ad
215 3016 414 3079 talem
475 3017 1050 3099 interrogationem,
1132 3021 1326 3100 qualis
1384 3023 1490 3084 Vs·
1535 3019 1659 3082 272
1712 3019 1817 3095 fit,
1890 3019 2335 3102 explicandam.

71 3120 212 3182 Non
259 3119 456 3182 video
517 3121 810 3201 equidem
879 3121 1066 3185 ullam
1125 3122 1310 3185 aliam
1383 3123 1830 3205 interpretandi
1872 3123 2177 3190 rationem
2220 3125 2337 3188 nisi

69 3222 236 3284 hanc
257 3269 274 3297 ,
345 3230 412 3285 ut
465 3225 690 3305 gallum
743 3225 1146 3307 gallinaceum
1191 3245 1401 3288 secum
1475 3226 1683 3288 tulisse
1738 3224 1991 3306 aliquod
2056 3243 2337 3305 organon

66 3325 384 3387 musicum
427 3334 762 3390 statuamus
805 3335 871 3388 et
913 3327 1034 3390 tale
1081 3327 1328 3408 quidem
1348 3374 1363 3401 ,
1410 3328 1580 3407 quod
1623 3333 1829 3406 aptam
1870 3325 2033 3387 illius
2080 3325 2335 3406 epitheti

68 3445 298 3490 ansam
345 3429 654 3508 praebere
695 3430 987 3510 potuerit.
1073 3430 1286 3506 Quod,
1347 3430 1401 3490 si
1456 3428 1609 3491 illud
1651 3437 1819 3492 recte
1864 3429 2129 3510 conjeci,
2188 3428 2336 3488 nul—

63 3529 192 3592 lum
243 3529 426 3593 aliud
465 3530 656 3592 fuisse
699 3537 938 3611 potest,
997 3551 1180 3611 quam
1223 3533 1459 3596 cithara
1501 3533 1600 3596 vel
1660 3531 1815 3615 lyra.
1899 3529 2101 3594 Velim
2146 3547 2335 3592 accu-

63 3641 206 3694 rate
253 3633 618 3696 attendatur
659 3634 743 3694 ad
773 3633 1032 3695 alteram
1072 3643 1310 3715 partem
1345 3633 1633 3698 vocabuli
1667 3627 2145 3716 μουσόμαντις.
2200 3633 2335 3696 Ne-

67 3755 194 3814 que
263 3736 440 3798 enim
495 3735 652 3798 haec
703 3735 1060 3818 simpliciter
1101 3739 1405 3820 significat
1464 3737 1757 3798 musicum
1778 3782 1793 3810 ,
1868 3736 1977 3798 sed
2038 3739 2335 3801 musicum

67 3837 480 3917 eundemque
525 3844 748 3900 vatem.
832 3841 968 3902 Jam
1009 3858 1160 3901 vero
1199 3839 1599 3902 instrumenta
1644 3840 1893 3916 musica,
1938 3840 2159 3921 quibus
2215 3856 2333 3900 va-

65 3949 158 4001 tes
210 3941 591 4016 utebantur,
647 3942 815 4003 nulla
859 3943 984 4006 alia
1034 3953 1212 4006 erant
1273 3962 1457 4025 quam
1502 3945 1737 4006 cithara
1780 3952 1843 4006 et
1884 3944 2034 4026 lyra.
2120 3941 2331 4016 Simul,

59 4045 310 4126 gallum
355 4043 760 4124 gallinaceum
827 4047 1028 4128 egisse
1087 4047 1492 4121 citharistam,
1556 4047 1811 4109 efficitur
1869 4064 1947 4105 cx
1988 4063 2066 4105 eo
2087 4092 2103 4118 ‚
2164 4045 2333 4124 quod

58 4148 112 4208 is
141 4145 349 4212 solus
391 4153 682 4226 tanquam
715 4146 1178 4230 μουσόμαντις
1213 4144 1395 4230 ὅρνις
1423 4149 1749 4223 inducitur,
1787 4145 2089 4227 siquidem
2121 4145 2331 4227 paullo

58 4258 212 4312 ante
255 4251 412 4332 jure
476 4251 828 4331 posuimus,
893 4252 1100 4333 plures
1166 4271 1425 4316 numero
1478 4253 1755 4316 tibicines
1820 4249 2089 4311 adfuisse
2150 4255 2359 4328 quami
