2759 5084
998 192 1462 255 -119—

281 363 607 444 Reliquum
662 366 757 425 est
778 410 793 437 ‚
854 369 921 425 ut
978 381 1087 439 ea,
1150 362 1371 443 quibus
1415 363 1560 426 iude
1603 363 1686 425 ab
1746 365 1854 427 Vs.
1895 363 2058 427 1133
2123 362 2368 428 edoce-

133 486 253 529 mur
272 515 287 542 ,
332 486 373 528 a
417 466 639 547 quibus
682 466 901 529 avibus
944 474 1009 530 et
1068 486 1193 547 quo
1236 466 1498 548 negotio
1561 484 1602 529 a
1643 465 1888 549 singula
1931 486 2178 549 quaque
2219 486 2366 529 sus-

132 576 297 650 cepto
340 588 555 629 murus
598 574 945 631 exstructus
988 569 1105 645 sit,
1146 575 1482 631 tractemus
1523 566 1898 649 singillatim.
1997 570 2072 630 ‘In
2134 588 2256 651 qua
2299 588 2369 633 re

128 671 205 731 ita
244 669 660 747 versabimur,
702 679 775 733 ut
814 690 889 734 ea
932 679 1169 736 tantum
1212 673 1586 753 attingamus
1609 721 1629 749 ,
1671 690 1832 753 quae
1875 681 1984 736 aut
2023 672 2368 737 difficiliora

129 775 245 837 visa
286 774 517 837 fuerint
558 782 665 837 aut
704 776 982 838 nondum
1024 778 1177 839 satis
1212 776 1293 839 ad
1336 775 1642 856 liquidum
1679 774 2004 858 perducta.
2085 776 2182 837 De
2223 776 2368 838 exi-

127 877 239 937 mia
276 882 509 956 poetae
550 882 685 939 arte
726 894 843 957 per
881 877 1045 940 hanc
1085 878 1390 959 integram
1435 896 1662 941 scenae
1704 885 1946 958 partem
1987 878 2052 940 in
2110 876 2369 960 singulis

126 978 385 1061 negotiis
446 978 617 1041 inter
670 996 819 1041 aves
880 979 1149 1043 maxime
1209 981 1472 1043 idoneas
1537 980 1980 1045 distribuendis
2035 982 2374 1063 conspicua

122 1080 463 1163 singillatim
525 1100 654 1144 non
722 1100 883 1163 opus
940 1082 1061 1145 erit
1098 1102 1359 1147 monere
1378 1132 1396 1161 ,
1449 1084 1749 1147 nonnulla
1793 1086 1958 1147 enim
1995 1082 2098 1147 vel
2141 1102 2258 1165 per
2300 1104 2370 1149 se

121 1182 261 1246 satis
304 1183 473 1247 clara
516 1192 688 1261 sunt,
752 1184 877 1247 alia
914 1184 983 1246 in
1024 1185 1285 1249 scholiis
1330 1187 1652 1269 explicata.

279 1286 377 1348 Ad
438 1287 545 1349 Vs.
586 1286 749 1351 1133
810 1294 873 1350 et
939 1288 1103 1352 1134
1144 1288 1305 1350 haec
1366 1288 1689 1352 adnotavit
1727 1288 2066 1354 Muellerus
2121 1291 2164 1353 l.
2209 1308 2264 1352 c.
2305 1310 2370 1371 p.

120 1388 193 1451 13
241 1388 383 1450 adn.
416 1388 529 1452 36:
596 1390 1001 1473 »Aegyptios,
1044 1408 1315 1467 moneo,
1372 1390 1710 1475 significari
1749 1411 1878 1454 non
1917 1392 2126 1455 solum
2169 1393 2370 1461 πλιν-

116 1489 452 1579 θοφόρους
508 1492 623 1555 sed
687 1492 874 1555 etiam
932 1487 1329 1578 λιθουργούς
1397 1502 1458 1557 ct
1518 1494 1850 1567 τέκτονας.
1955 1494 2242 1557 Ceterum
2304 1497 2369 1557 in

113 1594 393 1675 Aegypto
434 1591 737 1657 lateritias
780 1596 965 1659 etiam
1010 1594 1202 1657 fuisse
1224 1597 1600 1679 pyramides,
1643 1596 2136 1679 cryptoporticus
2179 1596 2370 1659 Mau-

114 1700 463 1776 soleorum,
518 1699 761 1781 privata
802 1700 995 1761 multa
1036 1698 1327 1760 aedificia
1348 1746 1365 1775 ,
1415 1706 1678 1762 constat.
1763 1698 1942 1771 Quae
1985 1705 2196 1761 autem
2236 1700 2372 1760 Ae-

113 1802 464 1883 gyptiorum
506 1822 633 1864 non
666 1809 905 1866 tantum
944 1804 1011 1864 in
1042 1800 1345 1865 lateribus
1385 1801 1690 1865 faciendis
1730 1800 1844 1863 sed
1879 1801 2068 1863 etiam
2107 1801 2173 1862 in
2207 1820 2372 1884 por-

111 1904 313 1969 tandis
358 1922 461 1966 ars
505 1904 725 1981 fuerit,
792 1922 957 1967 nunc
1000 1903 1239 1987 liquido
1280 1903 1654 1987 perspicitur
1696 1924 1776 1967 ex
1815 1904 2072 1985 picturis
2113 1906 2374 1989 Aegyp-

112 2011 209 2072 tiis
242 2026 281 2070 a
320 2005 660 2070 Rosellinio
691 2006 758 2068 in
798 2006 1119 2089 publicum
1152 2006 1398 2070 editis».
1482 2006 1692 2069 Hodie
1723 2007 1872 2071 addi
1910 2014 2172 2088 possunt
2205 2026 2370 2089 quae

105 2112 505 2191 reperiuntur
542 2110 711 2190 apud
729 2110 1211 2175 Willcinsonium
1240 2110 1404 2187 libri,
1449 2130 1640 2193 quem
1681 2112 1996 2193 inscripsit
2037 2111 2368 2175 »Manners

111 2212 241 2275 and
296 2211 578 2275 Customs
654 2212 731 2275 of
761 2213 870 2276 the
924 2213 1173 2278 ancient
1220 2214 1633 2297 Egyptians»,
1676 2214 1820 2277 Vol.
1851 2214 1950 2277 111.
1991 2234 2053 2295 p.
2078 2214 2202 2277 324
2233 2232 2370 2295 sqq.

108 2320 398 2381 Ceterum⁴
438 2315 625 2377 etiam
666 2316 836 2397 apud
870 2316 1035 2379 hune
1068 2316 1271 2398 ipsum
1312 2323 1567 2395 poetam
1595 2316 2042 2399 Aegyptiorum
2071 2321 2370 2395 tanquam

108 2422 193 2484 ad
234 2435 460 2499 magna
522 2433 717 2478 onera
772 2417 1086 2499 portanda
1125 2417 1428 2498 imprimis
1466 2417 1844 2479 idoneorum
1907 2414 2262 2479 honorifica
2301 2416 2375 2478 fit

106 2522 341 2586 mentio
397 2522 622 2583 Ranar.
664 2520 773 2586 Vs.
821 2519 1005 2583 1406.
1105 2518 1225 2581 Vel
1276 2518 1369 2581 sic
1421 2527 1629 2582 tamen
1685 2517 2090 2581 vehementer
2130 2516 2366 2595 dubito,

104 2646 255 2690 num
294 2621 673 2689 vocabulum
712 2614 1179 2706 πλινθοφόρος
1212 2622 1392 2705 juxta
1436 2615 1794 2704 λιθουργὸς
1856 2625 1920 2683 et
1955 2620 2198 2685 τέκτων
2237 2638 2368 2701 po-

104 2731 293 2792 situm
364 2726 695 2812 genuinum
755 2722 853 2787 sit.
960 2722 1089 2787 Sed
1144 2723 1299 2786 illud
1362 2723 1606 2788 videtur
1668 2722 1838 2786 idem
1903 2721 2103 2804 ipsum
2157 2721 2370 2785 vitium

102 2831 369 2893 traxisse
410 2837 599 2910 atque
638 2828 897 2890 verbum
940 2826 1514 2912 ἐπλινθοφόρουν,
1581 2827 1753 2908 quod
1795 2833 1892 2889 est
1943 2828 2050 2889 Vs.
2097 2828 2281 2889 1139.

274 2934 372 2999 Ad
408 2937 514 2998 Vs.
560 2932 725 2997 1136
770 2938 832 2994 et
869 2932 1033 2995 1137
1092 2933 1264 3014 quod
1316 2933 1566 3008 attinet,
1621 2930 1781 2993 mira
1845 2935 2230 2993 commentus
2275 2940 2370 2993 est

106 3037 479 3103 Suevernius
523 3034 566 3097 1.
606 3055 659 3097 c.
703 3053 763 3116 p.
790 3035 873 3097 75
920 3034 1001 3096 de
1044 3053 1143 3111 eo,
1190 3036 1371 3115 quod.
1395 3042 1586 3116 poeta
1631 3052 1814 3116 grues
1858 3033 2008 3097 dicit
2051 3054 2130 3097 ex
2170 3032 2366 3117 Libya

103 3140 368 3207 venisse.
474 3140 665 3201 Recte
726 3138 857 3220 jam
922 3136 1249 3219 Berglerus
1310 3136 1733 3212 intellexerat,
1800 3134 1928 3197 hoc
1965 3134 2118 3218 fingi
2185 3137 2368 3218 »quia

99 3262 289 3325 grues
330 3260 481 3305 vere
524 3260 693 3306 novo
736 3250 817 3303 e‘x
857 3239 1056 3323 Libya
1097 3238 1379 3315 redeunt,
1423 3258 1548 3319 quo
1591 3238 1912 3319 profectae
1953 3236 2199 3300 fuerant
2243 3256 2367 3299 ex-

100 3354 308 3407 tremo
366 3348 727 3420 autumno»,
798 3343 879 3407 de
922 3360 1049 3424 quo
1108 3340 1379 3407 conferri
1417 3341 1688 3425 jusserat
1743 3341 1849 3403 Vs.
1891 3341 2051 3416 7103
2117 3347 2368 3421 poterat

104 3444 295 3507 etiam
334 3459 683 3525 provocare
726 3445 811 3506 ad
866 3446 973 3509 Vs.
998 3446 1197 3509 1428.
1282 3445 1601 3519 Quatenus
1630 3446 1820 3529 ,ipsae
1849 3449 2044 3526 'grues
2089 3444 2364 3525 crepidi-

104 3547 203 3608 nis
268 3563 421 3609 saxa
480 3545 818 3608 devorasse
862 3548 1179 3626 dicantur,
1242 3548 1506 3630 liquebit
1547 3566 1626 3611 ex
1680 3548 1786 3610 Vs.
1827 3545 1992 3609 1429
2045 3552 2108 3608 et
2148 3564 2225 3609 ex
2263 3548 2361 3625 iis,

106 3664 274 3729 quae
318 3650 400 3711 ad
424 3666 585 3712 eum
629 3648 950 3712 adnotavit
990 3652 1380 3716 scholiastes.

277 3752 372 3813 De
416 3753 519 3815 V-s.
545 3752 711 3814 1139
749 3751 909 3828 haec
948 3762 1398 3827 commentatas
1442 3760 1538 3817 est
1569 3750 1904 3815 Muellerus
1937 3750 1979 3814 l.
2003 3773 2092 3817 c.:
2138 3756 2362 3816 »Post-

102 3854 270 3915 haec
312 3849 845 3927 ἒπλινθόποιουν
890 3855 959 3916 G.
1002 3854 1365 3918 Diodorfius
1409 3856 1654 3936 scripsit
1697 3874 1776 3916 ex
1809 3858 1974 3939 conj.
2014 3844 2132 3937 pro
2169 3852 2356 3917 codd.

104 3954 377 4017 lectione
442 3952 1026 4039 ἐπλινθοφόρουν,
1074 3975 1247 4039 -quae
1288 3956 1438 4019 ferri
1498 3956 1734 4039 nequit
1765 3965 2024 4038 propter
2089 3976 2147 4019 v.
2191 3954 2354 4019 1152

112 4054 357 4139 (1149);
427 4073 501 4117 ac
570 4065 739 4119 certe
808 4058 1251 4145 ἐλιθοφόρουν
1304 4061 1772 4124 incommodum
1842 4065 2027 4134 esset,
2097 4076 2240 4120 nam
2282 4059 2363 4120 de

106 4163 275 4223 saxis
328 4158 657 4239 crepidinis
694 4162 825 4245 jam
884 4162 1115 4226 dictum
1158 4172 1249 4227 est
1270 4212 1286 4240 ,
1358 4165 1648 4247 superior
1702 4167 1908 4223 autem
1949 4180 2158 4223 murus
2199 4162 2365 4223 late-

108 4262 285 4325 ritius
340 4268 490 4324 est».
574 4264 667 4325 De
732 4264 928 4328 verbo
994 4264 1441 4357 ἐλιθοφόρουν
1498 4262 1866 4331 Muellerum
1921 4264 2020 4327 vel
2073 4282 2362 4327 momen-
