2759 5084
1053 186 1474 248 ,95-

144 360 298 436 neris
317 360 507 438 „22st
548 356 871 440 Apollinis.
900 357 1587 445 mentinnwfflepim,
1627 358 2054 441 ,imperantem
2087 356 2385 437 mortali-

142 464 275 538 bus,
321 470 411 530 ‚ut
442 463 496 525 si
534 459 1069 541 Apollinimeseio
1134 460 1285 539 quid
1316 459 2180 541 ,immolarentbhaliud-quid
2224 480 2385 526 con-

142 576 445 634 secrarent
488 566 839 646 accipitris?-
900 552 1337 643 Quodsi-vera
1376 566 1678 641 hactenus
1719 564 1963 639 monui,
2001 572 2232 646 sponte
2271 582 2384 628 se·-

142 668 361 747 qnitur,
425 669 586 741 inter
610 664 831 750 ,viv-oet,
873 662 1243 752 Ἀφροδίτῃ
1279 668 1682 739 inserendum
1701 686 1864 731 -ease
1907 664 1964 733 δ”
1983 690 2009 741 ,·
2043 668 2216 751 quod
2256 667 2384 729 ab·-

144 788 266 835 esse
310 754 611 845 debebas
646 771 881 836 omisso
924 788 1137 840 versu.
1164 766 1594 846 antecedenti,
1659 768 1844 833 simul
1905 789 2072 833 nunc
2105 778 2382 851 apparet,

140 891 254 951 quo
292 876 435 957 jure
476 876 604 940 hoc.
644 879 1143 957 remma-poeta
1184 892 1313 937 non
1366 872 1644 937 additum
1685 874 1766 937 sit
1805 892 2154 955 pronomen
2197 872 2384 939 inde-

136 972 363 1043 finitum
408 1000 550 1055 1133
596 978 675 1045 ef..
730 978 835 1039 Vs.
860 976 1000 1042 :568
1044 972 1147 1047 ἦν·
1176 978 1281 1043 Διὶ
1328 973 1475 1063 θύῃ
1518 978 1784 1061 fiands&
1823 982 1966 1045 κτλ.
2011 1011 2094 1032 -ι
2135 977 2230 1037 De
2272 964 2378 1039 re-

134 1072 297 1155 liqua
334 1096 575 1149 ‘versus
614 1087 793 1161 parte
862 1076 1248 1142 emendanda
1304 1078 1520 1142 omnia
1579 1080 1818 1141 incerta
1879 1086 2048 1153 sunt3
2111 1078 2383 1141 fortasse

134 1182 263 1243 voci
303 1181 483 1268 θύῃ,
550 1202 728 1263 quae·
754 1202 920 1244 nunc
961 1183 1187 1250 abesse
1225 1189 1472 1261 potest,
1507 1180 2031 1245 ·substituendum
2091 1188 2189 1243 est
2255 1199 2382 1243 no-

122 1302 266 1353 ‚men
308 1284 555 1350 hostiae
601 1285 957 1369 cujusdam3
1014 1293 1153 1347 tum·
1200 1305 1326 1347 non
1369 1283 1786 1367 improbabile
1833 1291 1954 1359 ost,
2001 1283 2170 1364 quod
2221 1301 2383 1343 con-

126 1385 267 1466 jecit
326 1388 699 1463 BrunckiuS,
768 1387 937 1449 nisus
1003 1386 1398 1467 potissimum
1462 1389 1564 1451 Vs.
1617 1387 1760 1463 622,
1823 1388 1888 1449 in
1955 1386 2154 1449 altero
2240 1392 2380 1447 utro

129 1506 302 1552 versu
346 1492 490 1553 voci
532 1483 787 1573 πυρούς
826 1490 1321 1565 substituendum
1352 1510 1508 1563 esse
1577 1486 1852 1575 upa-‘idve
1947 1490 2027 1560 At
2095 1488 2258 1550 haec
2320 1488 2384 1550 iu

128 1590 325 1656 medio
372 1592 723 1672 relinquo».
809 1592 981 1669 Haec
1024 1602 1167 1658 sunt
1209 1594 1424 1665 verba„
1447 1594 1772 1657 Theodori
1816 1590 2156 1673 Hansiugii,
2201 1606 2380 1669 quae,

128 1696 401 1771 quamvis
443 1694 667 1769 insint,
728 1693 809 1755 de
855 1696 1075 1774 quibus
1120 1696 1408 1774 equidem
1455 1695 1634 1757 aliter
1675 1702 1968 1770 statuam,
2035 1711 2163 1761 non
2206 1692 2381 1773 potui

124 1802 325 1859 tamen
370 1816 499 1859 non
537 1780 1265 1877 integratrausoriberef
1335 1797 1422 1857 Εἰ
1481 1795 1648 1859 illud·
1684 1796 1964 1877 quidem,
2031 1794 2202 1875 quod
2245 1794 2384 1875 pri—

124 1918 271 1961 mus.
299 1899 539 1964 monuit
570 1895 945 1977 Hansingius
998 1894 1306 1957 de-versu
1330 1894 1724 1959 scholiastae
1767 1896 1950 1973 lecto,
1993 1916 2118 1977 quo
2154 1896 2380 1977 Apollo

112 2007 185 2075 ,et
223 2000 520 2081 accipiter
560 1999 823 2062 fuissent
866 2000 1369 2075 commemorati,
1435 2000 1844 2063 certissimum
1900 2002 2140 2076 haheo;
2196 2019 2380 2061 nam-

122 2124 239 2184 que
283 2104 386 2167 vel
420 2118 561 2185 'pen
587 2122 658 2165 se
697 2118 915 2183 parum
960 2103 1255 2167 credibile
1300 2113 1428 2181 est,
1479 2102 1881 2167 scholiastam
1925 2104 2150 2166 horum
2193 2122 2379 2165 men-

119 2208 353 2269 tionem
397 2207 621 2269 fecisse
667 2206 745 2275 de
803 2226 957 2282 suo,
1021 2206 1267 2270 scilicet·
1301 2226 1516 2269 versus
1561 2207 1686 2269 516
1727 2227 2099 2282 memorem,
2157 2216 2220 2269 et
2261 2228 2379 2271 ae·-

120 2311 296 2387 cedit,
342 2310 513 2389 quod
555 2309 929 2373 vocabulum
977 2305 1123 2396 θύῃ
1172 2309 1386 2373 vitium
1428 2310 1692 2373 traxisse
1737 2318 2076 2373 statuamus
2121 2330 2380 2373 necesse

120 2421 211 2476 cst
272 2422 399 2477 tam
456 2420 832 2492 propterea,
902 2411 1075 2491 quod
1142 2410 1474 2491 displicent
1528 2412 1722 2474 verba
1766 2405 1914 2497 θύῃ
1963 2419 2028 2473 et
2069 2404 2272 2475 θύειν
2315 2412 2379 2471 in

117 2534 239 2576 uno
274 2496 634 2592 'eodemque
675 2528 861 2582 versu
898 2516 1077 2595 juxta
1120 2513 1363 2593 posita,
1427 2531 1612 2592 quam
1657 2533 1732 2575 ea
1776 2514 1856 2575 de
1899 2532 2150 2586 caussa,
2205 2515 2378 2593 quod

117 2618 369 2681 omuino
414 2617 839 2691 desideratur,
906 2624 973 2679 ut
1035 2616 1390 2679 nominetur
1448 2616 1550 2692 id,
1596 2617 1766 2699 quod
1828 2616 2058 2680 Veneri
2121 2615 2202 2677 sit
2265 2634 2378 2679 sa—

117 2719 533 2797 crificandum,
596 2728 661 2781 et
698 2720 847 2783 ferri
893 2722 1105 2801 nequit
1141 2719 1430 2784 Brunckii
1471 2722 1776 2784 sententia
1817 2720 2038 2802 reponi
2078 2718 2372 2801 jubentis:

196 2818 285 2905 ἢν
329 2816 697 2903 Ἀφροδίτῃ
738 2820 923 2911 θύῃ,
962 2815 1205 2905 κριθάς
1248 2820 1478 2906 ὄρνιθι
1521 2821 1824 2906 φαληρίδι
1867 2817 2071 2885 θύειν

114 2925 199 2989 ita
241 2932 311 2987 ut
351 2920 724 2987 vocabulum
770 2916 1017 3004 κριθάς
1088 2923 1170 2983 ad
1214 2930 1540 3003 utramque
1595 2939 1812 2983 versus
1854 2926 2094 3001 partem
2137 2926 2375 2999 spectet

116 3036 177 3089 ct
233 3024 461 3108 partim
531 3030 769 3107 gratam
834 3023 1065 3088 Veneri
1139 3025 1474 3091 mentulam
1561 3022 1788 3104 partim
1861 3022 2108 3083 hordea
2174 3020 2376 3101 signi-

114 3129 291 3203 ficet,
369 3127 469 3191 vel
510 3188 515 3195 ,
554 3127 679 3189 alia
757 3146 1161 3209 quaecunque
1250 3127 1504 3202 similis;
1603 3126 1730 3189 hoc
1807 3130 2015 3187 autem
2081 3122 2371 3203 probato,

114 3230 290 3291 nullo
336 3231 527 3293 modo
574 3230 807 3313 corrigi
849 3236 1141 3313 poterunt
1182 3230 1406 3306 verba,
1450 3228 1569 3290 nisi
1611 3232 1918 3307 sumptum
1961 3222 2166 3298 fuerit,
2207 3243 2371 3305 pen-

112 3332 271 3391 dere
316 3350 391 3392 ea
436 3350 515 3391 ex
558 3331 723 3409 aliis,
804 3332 1175 3415 antegressis
1220 3332 1338 3393 illis
1383 3332 1668 3412 quidem,
1734 3326 1846 3389 sed
1889 3326 2126 3389 incuria
2168 3324 2369 3385 libra-

113 3435 355 3497 riorum
398 3430 661 3493 omissis.
744 3434 985 3496 Deinde
1014 3433 1168 3498 illud
1211 3434 1314 3499 vel
1346 3454 1458 3516 per
1499 3452 1570 3495 se
1601 3427 1930 3512 probabile
1975 3428 2156 3501 duco,
2202 3426 2374 3505 quod

114 3536 489 3617 Hansin-gius
532 3554 743 3597 tanum
786 3540 1021 3597 tantum
1061 3557 1323 3621 versum⁹
1365 3534 1750 3597 intercidisse
1807 3529 2132 3598 existimat.
2239 3530 2371 3591 Ac·-

118 3639 305 3714 cedit,
352 3637 521 3719 quod
564 3635 801 3699 nullum
842 3636 907 3697 in
950 3638 1205 3700 scholiis
1247 3647 1455 3703 'exstat
1481 3652 1486 3659 ·
1511 3636 1868 3719 vestigium,
1945 3633 2110 3696 unde
2173 3633 2370 3695 veteri

116 3742 435 3824 interpreti
477 3739 685 3824 plures
727 3738 922 3801 lectos
967 3737 1161 3807 fuisse
1204 3742 1494 3823 colligere
1558 3740 1801 3813 liceat„
1842 3736 1945 3817 qui
1989 3755 2116 3797 non
2160 3744 2370 3797 trans-

116 3847 387 3910 misisset
430 3862 557 3905 non
602 3842 971 3917 adnotatoS,
1036 3840 1089 3902 si
1136 3842 1321 3904 etiam
1362 3844 1518 3907 alios
1564 3840 1948 3922 compositos
1993 3836 2369 3917 repperisset

119 3951 277 4013 deos
340 3956 435 4017 et,
467 3967 641 4011 aves.·
736 3948 1127 4028 Quamquam
1184 3948 1327 4010 huic
1372 3947 1464 4009 rei
1529 3968 1656 4011 non
1715 3948 1968 4010 nimium
2035 3942 2368 4011 tribuerim,

120 4054 265 4133 quia
305 4071 419 4133 per
461 4057 556 4114 est
613 4050 904 4125 dubium,
958 4069 1107 4111 num
1150 4049 1236 4127 is,
1304 4048 1410 4129 qui
1453 4049 1730 4131 reliquos
1773 4066 1987 4110 versus
2033 4043 2370 4119 adnotavit,

114 4156 281 4217 idem
330 4156 411 4217 sit
490 4160 677 4234 atque
732 4153 821 4230 is,
888 4152 986 4214 cui
1049 4152 1240 4215 verba
1304 4170 1493 4232 supra
1554 4150 1859 4231 exscripta
1904 4138 2240 4220 debentur,
2285 4180 2368 4191 --

116 4268 282 4325 certe
342 4258 589 4325 difficile
660 4264 756 4319 est
818 4256 899 4320 ad
942 4256 1349 4331 credendum,
1419 4255 1584 4318 hunc
1637 4252 1842 4333 ipsum
1897 4268 1970 4311 ea
2027 4246 2366 4329 scripsisse,
