2759 5084
1298 202 1721 269 ...66-

388 380 725 464 putandum
782 378 1029 459 prolata
1072 381 1245 451 sunt,
1306 375 1440 457 jam
1481 374 1630 437 satis
1665 373 1880 436 habeo
1925 372 2178 435 dixisse
2279 368 2435 431 Sunt
2467 386 2650 441 uero,

392 500 553 563 quae
596 480 801 543 adhuc
842 500 975 543 non
1016 476 1335 559 potuerint
1376 476 1710 545 commode
1753 474 1972 557 agitari
2029 470 2392 535 disserendo
2439 476 2506 531 et
2543 478 2653 531 ta-

392 602 537 645 men
580 582 767 664 digna
804 580 1133 644 videantur
1180 587 1241 641 et
1280 586 1428 659 apta
1445 622 1464 655 ,
1504 592 1673 657 quae
1710 576 1814 639 vel
1853 576 1920 637 in
1959 576 2082 637 bac
2124 570 2462 652 scriptione
2483 574 2653 633 Ari-—

394 683 689 765 stephani
732 690 795 745 et
834 682 1133 765 imprimis
1174 683 1406 747 Avibus
1469 678 1724 744 fabulae
1779 676 2188 748 illustrandae
2251 675 2456 735 dicam
2491 692 2650 753 per-

394 790 774 849 censeantur.
862 787 957 849 De
996 786 1095 849 bis
1130 785 1316 867 igitur
1356 784 1542 845 nobis
1583 779 2064 860 disputationem
2096 780 2175 843 de
2218 775 2466 841 musicis
2503 795 2654 837 sce-

396 886 549 950 nicis
591 887 759 968 apud
799 888 1278 967 Aristophanem
1296 933 1312 962 ,
1358 886 1572 967 quoa-d
1615 884 1750 965 ejus
1789 879 1931 943 fieri
1966 882 2230 965 poterit,
2272 878 2652 943 absoluaris

389 980 521 1062 jam
565 980 875 1063 agendum
918 980 1037 1042 erit
1080 979 1297 1071 paullo
1342 977 1667 1041 curiosius.

564 1073 685 1146 Qui
728 1093 807 1137 ea
850 1073 1211 1150 contulerit,
1284 1090 1446 1152 quae
1489 1090 1530 1133 a
1571 1069 1850 1135 Genellio
1891 1068 1959 1131 in
1999 1075 2278 1133 nostram
2327 1086 2462 1131 rem
2514 1078 2658 1132 sunt

401 1176 715 1257 disputata
758 1175 801 1237 l.
844 1195 895 1237 c.
938 1196 1001 1257 p.
1036 1176 1153 1237 151
1192 1193 1359 1255 sqq„
1421 1172 1686 1248 videbit,
1742 1172 1908 1235 bunc
1949 1189 2200 1251 quoque
2241 1170 2471 1246 virum,
2529 1189 2658 1231 non

402 1278 661 1339 doctum
720 1277 1002 1358 quidem,
1069 1277 1182 1339 sed
1238 1283 1446 1339 tamen
1507 1275 1851 1357 elegantem
1905 1272 2224 1354 postulare
2285 1279 2412 1333 tres
2475 1271 2660 1337 chori

400 1380 713 1457 tibicines,
774 1389 841 1443 at
880 1380 1069 1462 longe
1107 1379 1245 1441 aliis
1270 1380 1546 1443 ductum
1587 1377 1968 1451 rationibus,
2013 1392 2174 1455 qnae
2214 1373 2365 1437 mihi
2405 1373 2660 1455 ‹plidem

401 1482 686 1545 videntur
744 1480 1221 1543 infirmissimae.
1322 1481 1580 1553 Accedit
1637 1478 1808 1561 quod
1851 1476 2165 1541 Genellius
2205 1474 2366 1538 illud
2403 1475 2530 1540 nisi
2583 1477 2661 1538 de

402 1582 741 1663 tragoediis
785 1601 915 1645 non
969 1581 1213 1645 videtur
1255 1581 1582 1655 statuisse;
1649 1579 2008 1643 comoedias
2067 1578 2232 1642 enim
2274 1596 2402 1639 non
2444 1579 2660 1641 nomi-

404 1689 531 1758 nat,
580 1689 659 1759 et,
702 1682 755 1743 si
802 1700 895 1760 ea,
940 1700 1101 1764 quae
1143 1703 1203 1763 p.
1240 1684 1361 1745 157
1403 1682 1614 1765 posuit
1657 1681 1734 1743 de
1779 1680 1976 1743 choro
2023 1680 2262 1745 comico
2307 1680 2466 1743 duos
2513 1688 2660 1743 tan-

403 1789 535 1845 tum
595 1785 997 1866 κορυφαίους
1054 1784 1366 1858 habente,
1433 1789 1796 1863 comparata
1836 1782 2066 1843 fuerint
2119 1803 2256 1848 cum
2317 1802 2432 1860 eo,
2493 1785 2663 1865 quod

404 1882 631 1963 p.152,
673 1883 814 1960 155,
862 1886 983 1947 156
1028 1884 1181 1947 dixit
1222 1886 1301 1947 de
1356 1886 1704 1947 tibicinibus
1748 1884 1926 1947 chori
1967 1884 2185 1966 tragici
2228 1884 2310 1945 ad
2361 1882 2662 1969 ἡγεμόνα

410 1992 470 2045 et
526 1984 705 2045 binas
766 1985 942 2047 chori
1010 1985 1141 2047 alas
1212 1985 1308 2047 vel
1372 1987 1772 2069 κορυφαίους
1832 1986 2300 2068 pertinenti-bns,
2341 1986 2664 2051 fatendum

409 2086 559 2161 erit,
604 2105 775 2161 eum,
838 2094 906 2148 ut
947 2088 1065 2149 sibi
1108 2096 1450 2165 constaret,
1506 2087 1747 2152 comico
1793 2089 1990 2150 choro
2035 2108 2164 2150 non
2205 2090 2482 2171 potuisse
2547 2092 2667 2153 nisi

410 2188 593 2249 binos
640 2188 911 2273 tribuere
956 2188 1257 2251 tibicines.
1371 2191 1496 2253 Sed
1549 2197 1875 2271 praeterea
1919 2190 2228 2254 Genellius
2287 2192 2473 2253 etiam
2517 2212 2666 2255 sce-

412 2289 564 2351 nicis
623 2288 899 2371 singulos
969 2291 1215 2354 affuisse
1280 2292 1562 2355 tibicines
1629 2293 1939 2355 statuebat
1989 2315 2050 2377 p.
2088 2298 2241 2371 151,
2308 2297 2420 2359 cfr.
2479 2296 2667 2359 etiam

413 2411 474 2472 p.
516 2392 633 2453 153
668 2412 759 2473 sq.
846 2392 1093 2453 Cautius
1140 2413 1323 2475 quam
1369 2397 1670 2460 curiosius
1718 2396 1796 2457 de
1839 2397 2025 2461 rebus
2077 2398 2202 2461 huc
2245 2400 2666 2479 spectantibus

420 2492 543 2575 egit
596 2492 1009 2558 Schneiderus
1053 2493 1095 2555 l.
1134 2514 1185 2557 c.
1226 2516 1287 2577 p.
1313 2495 1457 2559 215.
1557 2500 1636 2561 At
1676 2518 1880 2581 neque
1921 2499 2096 2578 illud,
2141 2501 2314 2581 quod
2357 2519 2396 2561 a
2429 2506 2669 2569 Genel-

418 2595 507 2657 lio
550 2596 821 2675 positum
865 2602 1188 2677 postremo
1242 2598 1390 2661 loco
1435 2603 2084 2679 commemoravimus,
2129 2602 2290 2679 ullo,
2333 2606 2506 2685 quod
2551 2626 2670 2669 nos

421 2696 671 2779 quidem
714 2700 1009 2772 sciamus,
1086 2705 1254 2760 certo
1312 2700 1670 2762 testimonio
1729 2710 1989 2763 constat.
2071 2704 2206 2765 Non
2249 2723 2400 2765 sane
2459 2706 2669 2768 facere

418 2816 535 2879 pro
578 2796 699 2859 hac
760 2798 1065 2859 sententia
1120 2798 1279 2861 tales
1340 2802 1658 2863 tibicinum
1707 2804 1774 2865 in
1829 2823 2015 2866 scena
2068 2808 2442 2870 versantium
2485 2828 2702 2883 com-‚

420 2900 934 2976 memorationeS‚
980 2900 1196 2981 quales
1240 2904 1632 2985 reperiuntur
1673 2906 1941 2967 Acharn.
1983 2910 2087 2969 Vs·
2123 2909 2246 2971 862
2281 2930 2436 2991 sqq„
2477 2912 2670 2995 Vesp.

426 3000 618 3075 1342,
669 3002 837 3067 1368
868 3021 1040 3083 sqq„
1109 3005 1660 3089 Thesmophoriaz.
1709 3010 1871 3073 1175
1917 3016 2012 3085 et,
2077 3017 2144 3074 ut
2201 3011 2442 3075 videtur
2483 3021 2673 3090 certe,

425 3100 561 3163 aliis
601 3100 757 3161 locis
802 3101 1016 3182 paullo
1058 3104 1223 3168 infra
1261 3109 1638 3188 indicandis,
1704 3111 1886 3175 facile
1929 3120 2025 3175 est
2065 3112 2148 3177 ad
2191 3112 2676 3195 intelligendum.

425 3200 612 3275 Quod
656 3201 737 3263 ad
778 3211 1059 3267 nostram
1098 3207 1375 3273 fabulam
1419 3212 1666 3291 attinet,
1721 3233 1804 3275 ne
1857 3216 1984 3277 hoc
2028 3216 2280 3298 quidem
2331 3218 2470 3299 jure
2507 3238 2679 3281 con-

426 3304 599 3365 tendi
643 3312 885 3385 potest,
937 3307 1127 3373 fuisse
1190 3313 1470 3379 Procnen
1530 3316 1788 3395 Upupae
1843 3316 1944 3377 vel
2007 3338 2259 3383 corvum
2311 3322 2679 3399 sacerdotis,

428 3403 547 3489 (cui
590 3426 695 3484 ea,
758 3428 919 3489 quae
960 3409 1247 3495 leguntur
1288 3416 1436 3477 inde
1496 3436 1534 3479 a
1575 3419 1680 3479 Vs·
1713 3419 1832 3481 831
1881 3437 2080 3501 aeque
2125 3429 2312 3503 atque
2355 3442 2450 3499 ea,
2513 3445 2679 3505 quae

426 3515 569 3571 sunt
607 3511 712 3573 Vs.
758 3513 881 3576 895
910 3534 1065 3595 sqq„
1108 3515 1438 3579 tribuenda
1482 3538 1622 3583 esse
1679 3523 1841 3586 infra
1893 3524 2476 3610 demonstrabimus)
2518 3528 2680 3591 tibi-

429 3610 656 3685 cinem,
710 3632 800 3675 eo
847 3616 1095 3695 quidem
1152 3637 1373 3693 sensu,
1437 3640 1561 3700 quo
1605 3625 1734 3688 vult
1777 3626 2108 3689 GenelliuS.
2217 3629 2388 3693 Alios
2449 3638 2680 3707 autem,

425 3718 677 3791 praeter
720 3733 849 3791 eoS,
896 3717 974 3778 de
1019 3718 1239 3799 quibus
1283 3720 1564 3801 vidimus,
1607 3725 1672 3787 in
1711 3728 1834 3791 hac
1865 3729 2079 3792 fabula
2119 3732 2363 3817 agenda
2402 3732 2469 3793 in
2513 3754 2682 3795 con—

427 3818 707 3891 spectum
745 3818 989 3881 venisse
1032 3820 1345 3899 tibicines,
1405 3846 1596 3907 quum
1633 3848 1716 3891 ne
1775 3832 1970 3894 verbo
2029 3832 2278 3911 quidem
2351 3833 2680 3915 significa...

427 3921 557 3991 tur,
602 3916 773 3981 haud
814 3920 901 3982 ita
942 3921 1151 3999 facile,
1196 3932 1264 3988 ut
1306 3930 1547 4007 credat,
1593 3950 1631 3993 a
1675 3952 1744 3993 se
1787 3933 2174 4015 impetrabit,
2217 3936 2324 4017 qui
2367 3936 2685 4001 observa-

427 4018 611 4093 verit,
678 4021 781 4085 vel
828 4042 1073 4101 eorum,
1140 4028 1246 4107 qui
1316 4032 1397 4095 ad
1457 4035 1722 4097 chorum
1779 4037 2202 4117 pertinebant,
2263 4038 2587 4101 tibicinum
2645 4061 2682 4101 a

424 4125 617 4200 poeta
660 4140 797 4185 esse
835 4128 1211 4193 mentionem
1256 4134 1502 4198 factam.
1585 4136 1802 4200 Fuisse
1846 4146 2052 4202 tamen
2092 4142 2157 4201 in
2197 4141 2428 4204 fabulis
2477 4163 2686 4225 agen-

428 4222 537 4285 dis·
564 4232 809 4303 praeter
874 4232 1141 4295 musicos
1188 4236 1363 4301 chori
1411 4240 1598 4304 etiam
1643 4240 1800 4307 alios
1845 4252 2216 4327 occupatos,
2265 4245 2372 4327 qni
2415 4248 2684 4311 scenicis
