2759 5084
1277 171 1696 236 ...48-

374 341 706 417 strinxisse,
749 361 828 404 ne
875 343 1034 406 ultra
1069 343 1302 426 justum
1343 342 1601 406 modum
1640 341 2001 404 inflarentur
2040 343 2199 404 neve
2232 339 2629 422 twpiculum

377 464 448 506 os
491 444 846 508 redderent.
930 448 1067 507 Iam
1108 463 1262 509 vero
1281 491 1297 520 ,
1371 445 1551 508 chori
1592 445 1869 507 tibicines
1888 491 1905 520 ,
1944 441 2291 527 probabile·
2316 451 2445 517 est,
2490 445 2631 504 sal-

373 556 498 610 tem
549 555 618 609 ut
671 548 1002 630 plurimum
1057 556 1119 612 et
1173 555 1535 612 concentum
1604 547 1873 610 edidisse
1930 555 1998 610 et
2048 545 2213 610 tibiis
2272 543 2633 626 adspirasse

373 649 652 732 pluribus
705 650 888 713 simul
943 651 1356 726 cantantibus,
1420 670 1574 733 ergo
1615 669 1743 714 non
1787 658 1913 726 est,
1976 670 2089 712 cur
2132 669 2241 712 eos
2284 657 2629 712 statuamus

375 752 642 833 capistro
685 763 813 815 non
857 754 1138 836 potuisse
1181 757 1442 828 cai-cre31
1504 761 1720 817 contra
1772 754 2025 816 luscinia
2072 759 2249 814 certe
2292 751 2632 814 maximnm

371 863 612 937 partem
653 858 792 919 sola
833 856 1128 932 canebat,
1171 874 1395 920 corvus
1442 855 1695 918 omnino
1736 855 1926 932 solus,
1968 874 2121 938 ergo
2164 862 2307 936 apte
2350 853 2630 916 uteban-

372 953 472 1020 tu'r
513 958 804 1040 capistro.
851 987 932 1004 -·-
991 960 1130 1021 Non
1173 959 1369 1022 multo
1430 959 1739 1021 difficilior
1798 958 1883 1020 ad
1940 957 2304 1021 solvendum
2318 1003 2334 1032 ,
2394 975 2632 1038 quam-

371 1077 558 1139 quam
599 1061 914 1141 aliquanto
957 1061 1152 1145 magis
1193 1061 1540 1144 implicata,
1608 1081 1685 1124 ea
1728 1061 2015 1144 quaestio
2060 1069 2155 1124 est
2173 1107 2189 1138 ,
2245 1065 2397 1143 qua‘
2421 1060 2633 1142 agimn-

371 1160 452 1224 de
511 1162 705 1225 soleis
753 1163 1118 1228 'tibicinibus
1183 1166 1489 1250 propriis,
1574 1183 1738 1248 quae
1801 1164 2149 1249 κρουπέζια
2214 1161 2635 1245 appellantur.

372 1264 668 1328 Libanius
713 1265 965 1349 quidem
1005 1269 1173 1351 apud
1229 1269 1555 1346 Photium,
1615 1268 1769 1332 Bibl.
1812 1268 1939 1332 266
1978 1287 2041 1350 Ρ.
2070 1267 2195 1332 495
2236 1265 2429 1330 Bekk.
2470 1265 2641 1328 haec

371 1367 594 1431 refert·
639 1367 1048 1454 ἱστόρηυα’
1021 1397 1043 1437 ι
1105 1395 1211 1447 τις
1249 1364 1567 1456 Ἐφέσιος
1607 1368 1923 1446 ,Βάταλος
1962 1365 2255 1456 αὐλητὴς
2289 1367 2641 1454 γενέσθαι,

371 1465 462 1544 ὃς
501 1469 828 1555 πρῶτος
872 1469 1368 1560 ὑποδήμασι
1406 1475 1927 1560 γυναικείοις
1984 1473 2111 1540 ἐπὶ
2152 1471 2299 1556 τῆς
2334 1471 2639 1556 σκηνῆς

371 1572 784 1663 ἐχρήσατο
827 1575 935 1642 καὶ
974 1577 1202 1659 μέλεοι
1246 1572 1621 1662 κᾶτιαγόσι,
1660 1577 1773 1644 καὶ
1810 1571 1977 1650 ὅλως
2012 1567 2142 1661 τὴν
2178 1573 2425 1662 τέχνην
2466 1579 2639 1659 ἐμοι-

373 1674 664 1746 λᾶκιοευ.
746 1679 944 1742 Porro
985 1681 1153 1763 apud
1197 1679 1452 1744 Suidam
1512 1701 1562 1744 s.
1603 1701 1661 1744 v.
1702 1673 2161 1765 ’Amymone
2199 1677 2360 1740 haec
2400 1679 2639 1760 scripta

375 1780 798 1862 reperiuntur:
853 1777 966 1848 Ἀ.
1027 1780 1338 1868 Σατύρου
1400 1782 1703 1868 Θηβαῖος
1761 1775 2078 1867 μουσικός
2098 1829 2121 1860 ,
2174 1770 2473 1865 admodo
2520 1781 2639 1848 Φι-

377 1881 666 1958 λοξένου·
735 1871 984 1957 οὗτος
1021 1879 1511 1970 ὕποδήμασι
1554 1883 2009 1968 Μιλησίοις
2050 1881 2640 1972 πρῶτος-ἐχρῆ-

343 1971 570 2052 οσοιτᾶ)
601 1986 712 2052 καὶ
771 1979 1096 2067 κροκωτόν
1158 1990 1232 2052 ἐν
1269 1987 1363 2072 τῷ
1424 1987 1766 2072 Κωμαστῇ
1806 1982 2279 2071 περιεβάλλετο
2334 1977 2641 2067 ἱμάτιον.

377 2088 515 2149 Jam
557 2087 900 2168 probabilis
945 2094 1040 2149 est
1081 2087 1439 2169 conjectura
1481 2087 1803 2163 Meinekii‚
1862 2087 2145 2150 Batulum
2184 2085 2388 2162 illum,
2450 2087 2641 2168 quis-

379 2190 514 2270 quis
578 2187 724 2264 fuit,
786 2189 865 2250 ab
909 2189 1213 2269 Eupolide
1276 2191 1340 2251 in
1400 2191 1608 2271 Baptis
1666 2190 1731 2251 in
1788 2208 2039 2253 scenam
2082 2209 2220 2252 esse
2261 2189 2643 2271 productum

382 2291 812 2367 existimantis,
881 2290 1001 2353 vid.
1035 2290 1272 2354 Hister.
1315 2293 1447 2355 crit.
1490 2313 1550 2374 Ρ.
1576 2293 1738 2368 335;
1796 2301 1937 2356 acta
1979 2301 2186 2356 autem
2228 2303 2327 2356 est
2362 2293 2643 2376 Eupoli-

385 2395 478 2458 dis
521 2395 733 2458 fabula
779 2397 1007 2458 eodem
1042 2395 1253 2478 judice
1299 2395 1441 2478 (vid.
1484 2417 1545 2478 p.
1578 2395 1719 2480 125)
1766 2396 2010 2480 Olymp.
2040 2396 2197 2472 xcl,
2240 2399 2270 2458 1
2318 2397 2478 2458 ludis
2518 2400 2643 2461 Li—

381 2499 696 2562 beralibus
759 2500 1040 2576 urbanis,
1107 2517 1257 2582 ergo
1323 2521 1449 2564 uno
1498 2519 1663 2563 anno
1724 2507 1867 2562 ante
1912 2519 2095 2581 quam
2154 2499 2319 2564 Aves
2378 2500 2647 2568 doceret

381 2601 844 2682 Aristophanes·
933 2603 1119 2676 Quod
1171 2603 1252 2664 ad
1293 2604 1725 2684 Antigenidem
1766 2604 1973 2686 Satyri
2012 2605 2259 2680 attinet,
2320 2604 2645 2668 diversum

380 2703 552 2763 illum
597 2720 634 2762 a
677 2705 1048 2785 cognomine
1091 2704 1372 2778 tibicine,
1416 2705 1696 2787 Dionysii
1736 2703 1902 2781 filio,
1957 2705 2023 2768 id
2068 2707 2238 2786 quod
2280 2708 2643 2788 nuperrime

385 2804 832 2868 demonstravit
872 2791 1210 2868 Mei'nekius
1254 2807 1497 2890 Fragm.
1542 2827 1700 2870 com.
1746 2809 1847 2870 Gr.
1890 2808 2029 2871 Vol.
2069 2809 2165 2872 111.
2208 2830 2271 2892 p.
2312 2812 2459 2888 187,
2501 2833 2641 2876 >uon

379 2916 587 2988 potest
629 2909 878 2989 quidem
923 2919 1095 2974 certo
1137 2910 1413 2987 ostendi,
1458 2929 1601 2974 cum
1636 2913 1768 3000 jam
1810 2919 1953 2974 ante
1986 2899 2151 2976 Aves
2194 2914 2443 2978 doctam
2484 2937 2641 2978 mu·-

381 3011 587 3075 sicam.
617 3013 1002 3089 exercuisse3
1045 3013 1448 3091 PhiloxenuS,
1508 3024 1701 3098 poeta.
1738 3017 1997 3100 lyricus,
2056 3021 2228 3103 cujus
2272 3019 2439 3102 apud
2480 3021 2643 3084 Sui-

383 3113 528 3184 dam
569 3115 938 3196 perhibetur
979 3117 1212 3180 tibicen
1251 3117 1475 3196 fuisse,
1540 3121 1805 3182 nominis
1850 3121 2271 3186 celebritatem
2316 3133 2641 3186 assecutus

385 3225 481 3280 est
521 3219 686 3282 circa
744 3218 990 3302 Olymp-
1035 3221 1232 3296 CXV,
1295 3231 1362 3284 ut
1406 3225 1643 3286 monuit
1678 3223 2022 3287 Meineki‘us
2064 3225 2220 3287 Hist.
2268 3229 2396 3290 crit.
2439 3247 2501 3308 Ρ.
2530 3229 2643 3305 89,

381 3321 495 3382 sed
539 3320 752 3402 quidni
815 3322 1245 3406 Antigenidem
1291 3325 1512 3408 Satyri
1568 3328 1699 3408 jam
1764 3324 1955 3386 multo
2018 3334 2197 3388 ante
2222 3327 2349 3392 hoc
2392 3335 2641 3411 tempus

383 3443 461 3484 ne
507 3423 708 3488 dicam
761 3424 1156 3502 inclaruisse,
1219 3436 1282 3492 at
1325 3429 1621 3492 musicam
1680 3429 2031 3491 exercuisse
2072 3437 2446 3494 statuamus·
2430 3474 2447 3508 ,
2506 3453 2641 3514 quo

375 3524 668 3602 probato,
715 3527 898 3588 etiam
943 3527 994 3588 si
1035 3528 1340 3608 ponimus,
1387 3523 1775 3612 Κωμαστὴυ
1814 3530 2005 3592 fuisse
2048 3531 2371 3596 Philoxeni
2414 3535 2644 3618 dithy-

382 3627 722 3688 rambicum
787 3647 1067 3705 carmen,
1152 3647 1276 3690 uon
1341 3629 1787 3712 Antigenidae‚
1854 3635 2025 3714 quod
2085 3639 2393 3715 posterius
2446 3639 2645 3704 statui

380 3749 568 3810 posse
635 3731 1000 3798 existimavit
1061 3733 1412 3796 Meinekius
1446 3736 1487 3797 l.
1530 3757 1582 3798 c.
1648 3757 1709 3818 p.
1744 3739 1891 3801 341.
1950 3737 2093 3802 adn.
2136 3741 2249 3814 61,
2284 3775 2367 3790 --
2426 3751 2645 3806 tamen
2735 3785 2736 3808 ι

383 3834 616 3912 optimc
659 3853 908 3896 sumere
949 3836 1128 3909 licet,
1181 3837 1611 3920 Antigenidem
1670 3842 1871 3924 Satyri
1930 3843 2182 3908 Milesiis
2238 3844 2461 3910 calceis
2496 3847 2645 3928 jam

384 3943 526 3996 ante
568 3935 732 4000 Aves
775 3946 976 4002 actam
1037 3955 1214 4003 usum
1277 3959 1415 4004 esse
1434 3989 1450 4017 ,
1516 3944 1659 4024 quia
1726 3945 1919 4006 verba
1982 3945 2211 4009 Suidae
2263 3969 2453 4031 supra
2512 3969 2643 4011 ex—

383 4038 612 4119 scripta
669 4040 1148 4122 haudquaquam
1220 4045 1535 4125 postulant
1590 4047 1877 4122 omnino,
1960 4056 2025 4110 ut
2076 4050 2507 4134 Antigenidem
2556 4073 2643 4116 eo
2735 4051 2736 4062 ’

385 4145 521 4224 ipso
591 4151 900 4224 tempore,
989 4164 1112 4226 quo
1179 4165 1437 4229 operam
1500 4167 1677 4212 suam
1746 4150 2015 4214 navabat
2088 4147 2408 4216 Philoxeni
2480 4154 2641 4219 Κω-

385 4247 644 4334 μαστῇ,
707 4248 996 4334 primum
1046 4249 1190 4314 illos
1255 4250 1498 4314 caleeos
1570 4259 1844 4334 gestasse
1918 4254 2349 4320 existimemus.
2462 4257 2641 4331 Quin
2735 4255 2736 4336 J
