2759 5084
1294 190 1762 253 -100—

412 366 848 445 dubitandum,
932 366 1077 449 quin
1138 383 1239 439 ea,
1305 382 1468 445 quae
1532 364 1868 427 secundum
1938 364 2102 425 hunc
2168 362 2518 425 referantur
2587 361 2662 421 ab

410 470 769 545 Athenaeo,
836 472 917 533 ad
974 470 1146 531 solas
1211 468 1574 532 comoedias
1637 473 1936 547 spectent.
2023 464 2268 546 Quippe
2323 465 2510 526 etiam
2573 483 2664 537 ea,

408 588 567 650 quae
612 590 648 632 a
692 572 1067 635 Philochoro
1114 570 1194 631 de
1238 570 1381 630 vino
1429 574 1492 629 et
1543 568 1818 629 bellariis
1863 566 2283 648 spectantibus
2327 565 2660 646 antiquitus

406 672 632 735 oblatis
676 673 763 735 ita
806 675 1029 736 tradita
1074 692 1211 735 esse
1255 671 1546 754 legimuS‚
1615 671 1792 752 quasi
1837 688 1912 731 ea
1954 688 2056 731 res
2097 687 2346 748 semper
2385 688 2503 731 usu
2548 686 2659 731 ve-

406 774 631 851 nisset,
678 777 757 838 de
802 795 927 856 quo
976 785 1097 851 est,
1156 774 1327 856 quod
1370 773 1680 849 dubitem,
1745 790 1876 835 non
1917 771 2127 835 valere
2169 772 2250 832 de
2303 771 2658 852 tragoediiS‚

406 883 572 938 certe
616 896 741 937 non
788 876 908 954 ita,
968 884 1035 939 ut
1078 896 1324 956 semper
1364 895 1480 937 usu
1521 860 1769 937 venisse
1811 874 2150 954 putandum
2195 872 2306 947 sit,
2347 871 2453 934 hic
2490 871 2658 934 idem

402 975 577 1041 locus
618 978 1092 1059 Aristophanius
1140 978 1516 1039 documento
1565 982 1675 1037 est.
1761 975 2049 1037 Profecto
2095 982 2222 1037 tam
2261 976 2326 1036 in
2355 975 2656 1037 Athenaei

402 1098 589 1161 quam
634 1081 698 1142 in
738 1080 1099 1143 Philochori
1140 1081 1347 1143 verbis
1391 1080 1630 1157 insunt,
1675 1097 1838 1161 quae
1881 1078 2052 1141 illam
2117 1078 2486 1142 sententiam
2535 1078 2658 1138 ad-

402 1183 657 1246 modum
698 1182 1089 1263 probabilem
1154 1182 1424 1245 reddere
1465 1182 1660 1245 videri
1701 1180 1962 1263 possint.
2067 1181 2232 1255 Sed,
2297 1186 2362 1244 ut
2425 1199 2502 1245 ea
2545 1202 2659 1263 per
2735 1242 2737 1245 Α

402 1282 581 1348 hunc
622 1286 831 1349 locum
872 1294 1041 1349 stare
1078 1285 1297 1367 possit,
1340 1285 1564 1347 mirum
1589 1292 1929 1357 esttamen,
1973 1284 2164 1364 quod,
2207 1284 2260 1345 si
2289 1303 2502 1347 verum
2543 1293 2656 1360 est,

400 1387 575 1467 quod
606 1388 941 1450 arbitratur
978 1386 1321 1451 Meinekius
1360 1388 1442 1450 de
1471 1388 1822 1469 fragmento
1859 1387 2274 1449 Pherecrateo
2303 1404 2492 1467 agens
2512 1388 2517 1392 '
2537 1374 2576 1448 1ss
2607 1408 2655 1448 c.

398 1488 539 1549 Vol.
578 1490 649 1551 11.
689 1491 753 1551 P.
777 1492 821 1551 1.
884 1510 945 1572 p.
980 1490 1125 1565 295,
1192 1490 1299 1571 »in
1354 1489 1632 1565 cibariis,
1696 1507 1858 1569 quae
1914 1488 2200 1568 praebita
2259 1487 2410 1563 sint,
2471 1487 2652 1549 etiam

396 1591 547 1653 illud
590 1590 809 1668 fuisse,
874 1592 1048 1677 quod
1114 1592 1375 1682 τρίμμα
1441 1590 1857 1673 appellavisse
1919 1592 2190 1653 Graecos
2249 1590 2480 1654 doceat
2519 1592 2656 1651 He-

396 1695 666 1777 sychius,
710 1697 1027 1781 Τρίμμαε
1088 1690 1165 1761 τὸ
1206 1688 1628 1777 α’ρωμιῖτιζον
1667 1694 1870 1777 πῶμα
1897 1698 1970 1759 ἐν
2013 1688 2260 1777 γάμοις
2295 1687 2656 1775 γινόμενον

400 1794 561 1879 (fort.
606 1794 1001 1881 πινόμενον)
1046 1804 1424 1878 θεατρικοῖς
1461 1788 1768 1878 ἀγῶσιν»,
1813 1795 2000 1875 etiam
2036 1794 2104 1857 in
2143 1796 2244 1857 his
2286 1796 2494 1859 verbis
2531 1814 2656 1859 non

396 1899 580 1962 simul
632 1898 1075 1983 intelligendae
1132 1906 1275 1961 sunt
1318 1898 1712 1979 tragoediae,
1773 1896 2051 1979 quamvis
2111 1904 2326 1962 rursus
2369 1895 2654 1961 universe

396 2001 789 2084 appellentur
810 1996 1075 2085 ἀγῶνες.
1116 2001 1508 2082 Quamquam
1531 2001 1622 2063 illi
1648 2003 1790 2079 loci,
1821 2003 1992 2084 quod
2021 2022 2142 2084 ego
2165 2002 2416 2082 quidem
2445 2000 2655 2077 sciam,

397 2103 519 2166 soli
550 2112 709 2181 sunt,
754 2106 977 2185 quibus
1010 2105 1369 2185 tragoedias
1405 2104 1624 2173 saltem
1659 2105 1842 2167 simul
1865 2104 2196 2188 significari
2233 2103 2455 2184 aliquis
2493 2124 2654 2168 con-

396 2205 655 2267 tendere
696 2208 930 2285 possit;
996 2224 1109 2267 eae
1176 2227 1301 2286 quo
1368 2208 1577 2271 solae·
1617 2215 1680 2269 et
1735 2208 1872 2288 ipso
1934 2208 2182 2271 nomine
2247 2205 2657 2286 appellentur,

396 2315 596 2370 exstat
658 2307 879 2371 nullus.
976 2310 1277 2393 Bergkius
1340 2311 1592 2392 quidem
1653 2319 1986 2392 postquam
2055 2308 2656 2375 Commentationum

396 2411 477 2473 de
521 2411 699 2493 reliq.
734 2412 1022 2475 comoed.
1064 2415 1187 2493 Att.
1228 2422 1349 2475 ant.
1394 2434 1456 2494 p.
1479 2414 1625 2491 302,
1669 2414 1846 2475 nixus
1880 2413 2030 2494 ipsis
2064 2414 2268 2475 verbis
2299 2414 2654 2477 Pherecra-

393 2512 471 2573 tis
512 2513 729 2576 itidem
772 2515 853 2576 ab
894 2514 1219 2578 Athenaeo
1262 2515 1556 2592 servatis,
1625 2535 1788 2597 quae
1833 2534 2023 2590 nunc,
2076 2522 2144 2577 ut·
2185 2522 2472 2577 correcta
2515 2524 2656 2577 suut
2733 2584 2735 2599 ἶ

394 2616 477 2677 ab
522 2616 878 2678 acutissimo
922 2617 1285 2695 professore
1326 2618 1774 2699 Marburgensi‚
1825 2617 2102 2679 exhibita
2135 2625 2378 2682 exstant
2409 2620 2652 2701 Fragm.

396 2738 557 2782 com.
601 2720 821 2781 Graec.
879 2737 918 2779 a
958 2718 1273 2781 Meinekio
1318 2718 1462 2779 coll.
1509 2726 1572 2781 et
1614 2719 1850 2799 dispos.
1910 2720 2052 2781 Vol.
2085 2720 2158 2781 11.
2216 2720 2280 2781 P.
2315 2720 2362 2781 1.
2417 2738 2478 2798 p.
2505 2720 2652 2796 294,

394 2829 456 2884 et
498 2822 641 2884 loco
685 2821 986 2884 Athenaei
1030 2839 1219 2903 supra
1264 2822 1595 2902 exscripto,
1639 2821 1909 2893 monuit,
1971 2840 2245 2883 »morem
2283 2820 2484 2883 videri
2527 2842 2652 2883 an-

388 2923 643 3004 tiquitus
684 2923 939 2987 Athenis
980 2924 1207 3000 fuisse,
1252 2932 1319 2987 ut
1360 2924 1520 2988 inter
1561 2925 1732 3007 ipsos
1776 2923 1962 2987 ludos
2007 2925 2310 2999 scenicos,
2353 2926 2652 3004 quoniam
2731 2916 2733 2961 ἶ

390 3024 455 3085 hi
502 3044 642 3087 cum
696 3026 1012 3088 Bacchicis
1056 3027 1550 3099 solemnitatibus
1595 3024 2078 3110 conjunctissimi
2122 3023 2416 3103 fuissent,
2457 3048 2652 3109 spec-

390 3128 659 3189 lantibus
703 3128 909 3189 vinum
950 3129 1420 3209 praeberetur»,
1477 3130 1566 3192 sic
1607 3128 1836 3211 pergit:
1902 3128 2019 3191 »ad
2085 3127 2352 3191 eundem
2407 3150 2649 3193 morem

392 3232 783 3295 referendum
850 3240 1040 3313 puto,
1102 3235 1273 3315 quod
1325 3235 1407 3307 de
1461 3234 1618 3295 lone
1677 3232 1912 3313 tragico
1955 3237 2149 3312 poeta
2191 3239 2404 3307 narrat
2441 3233 2649 3293 Athe-
2727 3212 2732 3247 ⁹

394 3353 585 3397 naeus
629 3336 675 3397 1.
717 3356 777 3418 p.
814 3338 853 3397 4
896 3338 981 3399 A:
1044 3332 1135 3404 ‘0
1178 3336 1245 3403 δὲ
1282 3334 1441 3402 Ἴων
1493 3337 1664 3407 ,Χῖος
1705 3334 2073 3419 τραγῳὸῖαν
2113 3332 2383 3421 νικήσας
2420 3326 2650 3417 Ἀθή-

392 3462 591 3521 νῃοιν
660 3436 907 3523 ἑκάστω
971 3442 1102 3505 τῶν
1166 3431 1558 3520 Ἀθηναίων
1621 3435 1812 3500 ἔδωκε
1887 3436 2064 3501 Χῖον
2141 3432 2507 3517 κεροὶιιιον,
2593 3444 2652 3499 et

395 3540 745 3603 Scholiasta
789 3541 1223 3623 Aristophanis
1280 3543 1424 3604 Pac.
1485 3558 1541 3601 v.
1575 3539 1728 3601 835.
1797 3540 1949 3622 φασι
1999 3539 2067 3606 δὲ
2130 3531 2342 3606 αὐτὸν
2397 3536 2648 3621 (Ionem)

393 3636 569 3726 ὁμοῦ
637 3638 1079 3729 διθύραμβον
1151 3670 1251 3711 και
1318 3642 1684 3731 τραγῳδίαν
1749 3639 2252 3734 ἀγωνισάμενον
2313 3637 2651 3729 Ἀθήνησι

392 3746 501 3811 καὶ
544 3742 903 3827 νικήσαντα
968 3741 1213 3830 ἑκάστῳ
1283 3748 1416 3811 τῶν
1477 3738 1772 3833 Ἀθηνα’
1775 3773 1865 3815 ων
1921 3748 2162 3817 δοῦναι
2224 3747 2399 3812 Χῖον
2455 3746 2652 3831 κερά-

2733 2630 2736 2685 ἱ

2731 2976 2734 3129 ἱ

2729 3294 2731 3432 ἱ

2727 3596 2729 3677 1

390 3872 555 3927 μιον
602 3846 721 3932 (vel
764 3856 833 3909 ut
874 3857 969 3911 est
1008 3849 1075 3911 in
1119 3849 1259 3911 cod.
1297 3851 1574 3914 Veneto:
1643 3846 1904 3923 εὐνοίας
1945 3846 2148 3937 χάριν.
2183 3863 2420 3931 προῖκα
2477 3850 2652 3915 ,Χῖον
2726 3909 2727 3925 ,

390 3951 580 4017 οἶνον
620 3954 886 4036 πέμψαι
940 3949 1384 4037 Ἀθηναίοις),
1428 3954 1592 4015 unde
1651 3962 1912 4035 apparet
1969 3952 2156 4015 etiam
2196 3952 2476 4033 privatos
2515 3953 2648 4015 ho·-

388 4056 626 4133 mineS,
670 4058 777 4119 nbi
826 4057 890 4119 in
950 4058 1047 4119 his
1116 4056 1275 4119 ludis
1336 4059 1596 4121 scenicis
1639 4058 1966 4132 vicissent,
2027 4057 2266 4139 populo
2335 4055 2646 4139 ejusmodi

388 4178 642 4222 munera
686 4158 941 4243 largitos
1004 4179 1171 4236 esse;
1236 4160 1353 4222 nisi
1411 4162 1578 4225 forte
1622 4161 1764 4237 lon,
1830 4161 1976 4222 dum
2041 4158 2234 4241 ipsius
2279 4156 2648 4239 tragoediae

386 4263 448 4324 in
492 4280 678 4325 scena
724 4270 1069 4344 agerentur,
1112 4264 1584 4345 spectatoribus,
1631 4272 1698 4327 ut
1741 4283 1961 4329 eorum
1997 4262 2264 4344 ,grati-am
2317 4263 2434 4327 sihi
2481 4282 2648 4325 con-
