2759 5084
1337 209 1762 270 ...24-

423 401 460 442 e
503 378 742 459 seriptis
787 376 1346 438 Grammaticorum·
1384 385 1560 451 nota,
1604 377 1728 440 vid.
1755 379 2073 442 ‹Iohannis-
2096 379 2276 447 Alex.
2330 385 2496 450 Τον.
2527 409 2661 469 παρ.

422 486 482 564 p.
519 485 630 556 39,·
669 481 754 542 30
813 488 875 541 et
929 479 1196 542 Bek'lreri
1260 479 1477 540 anecd.
1538 499 1599 560 p.
1642 482 1824 544 1310.
1902 485 2111 548 alane
2164 486 2361 566 igitur
2420 489 2661 566 positam

421 584 607 647 fuisse
653 586 730 646 ab
775 588 896 646 hoc
951 593 1138 666 poeta
1183 587 1537 667 conjectura
1582 594 1677 649 est
1719 588 2003 650 facillima
2046 598 2111 652 et
2160 591 2662 672 probabilissima,

421 709 790 770 quamquam
851 709 980 752 non
1046 689 1314 750 omnino
1376 698 1566 752 certa.
1688 693 1913 752 Forma
1980 697 2314 777 αἴφνης
2382 713 2526 756 usus
2589 709 2663 756 est

417 790 744 872 Euripides
795 792 990 874 Iphig.
1035 791 1234 853 Aulid.
1281 793 1386 853 Vs.
1428 793 1584 856 1581
1638 794 1851 856 Matth.
1881 829 1965 840 --

1464 1105 1624 1186 XI.

477 1252 794 1308 Pei-sanatur
843 1251 934 1303 Vs.
963 1249 1086 1302 852.
1181 1253 1240 1302 ln
1286 1259 1597 1334 transcursu
1650 1254 1949 1324 explicatur
1993 1255 2318 1324 Supplicum
2367 1256 2464 1307 Vs,
2497 1253 2609 1305 310.

626 1395 998 1462 -Ἐνταῦθα
1045 1395 1126 1481 δή
1172 1423 1241 1464 σε
1283 1400 1463 1472 Ζεύς
1513 1396 1791 1482 τίθησιν
1830 1403 2135 1484 ἔμφρονα
2552 1401 2659 1461 850

642 1499 918 1580 ἐπαφῶν
961 1490 1240 1584 ἀταρβεῖ
1277 1502 1438 1586 χειρὶ
1486 1501 1593 1564 καὶ
1636 1493 1852 1584 θιγών
1895 1496 2135 1582 μόνον.

641 1593 1056 1685 Ἐπώνυμον
1103 1601 1174 1667 δὲ
1229 1603 1356 1668 τῶν
1404 1595 1559 1675 Διὸς
1602 1597 2035 1686 γεννημάτων

641 1703 842 1778 τέξεις
887 1697 1196 1768 κελαινὸν
1229 1697 1590 1784 ”Επαφον·
1652 1699 1726 1776 ὃς
1776 1701 2189 1786 καρπώσεται

641 1800 803 1886 ὅσην
845 1802 1262 1890 πλατύρῥους
1305 1805 1547 1878 Νεῖλος
1597 1798 1853 1890 cludetis:
1893 1799 2139 1890 χθόνα.

418 1923 625 1984 Verba
675 1931 816 1983 sunt
857 1924 1211 1984 Promethei
1271 1923 1351 1984 ad
1397 1925 1611 1984 Ionem
1670 1926 1969 1987 conversi.
2072 1927 2469 1989 Vocabulum
2518 1951 2655 2010 γεν-

419 2021 734 2108 νημάτων
794 2032 980 2102 quum
1034 2026 1098 2084 in
1153 2024 1523 2085 editionibus
1569 2025 1855 2086 Brunckii
1902 2034 1963 2087 et
2007 2027 2319 2088 Schuetzii
2368 2029 2509 2090 voci
2552 2039 2652 2094 θι-

417 2123 735 2210 γημᾶτων
789 2147 827 2187 a
869 2128 1221 2210 Peyraredo
1270 2128 1748 2210 de.conjectura
1802 2149 1917 2210 per
1968 2149 2036 2190 se
2088 2148 2315 2209 parum
2368 2131 2652 2212 probabili

419 2232 728 2311 repositae
795 2233 1112 2305 cessisset,
1197 2233 1699 2302 Wunderlichius
1781 2234 2089 2296 observat.
2166 2236 2229 2295 in
2303 2235 2653 2317 Aeschylum

419 2354 479 2413 p.
518 2333 637 2395 148
677 2355 809 2415 sqq.
857 2344 919 2396 et
961 2336 1352 2396 Wellauerus
1409 2336 1617 2397 adnot.
1663 2337 1743 2397 ad
1788 2336 1849 2396 h.
1883 2337 1923 2396 l.
1967 2337 2053 2397 ita
2098 2339 2305 2399 conati
2364 2347 2505 2400 sunt
2550 2337 2652 2395 de-

421 2437 712 2512 fendere,
781 2447 846 2499 ut
901 2438 1202 2522 γέννημα
1258 2431 1750 2522 generationem
1804 2436 2151 2520 significare
2207 2448 2552 2502 statuerent
2604 2443 2653 2495 et

421 2541 964 2603 contrectationem
1019 2540 1284 2601 eandem
1337 2540 1802 2622 generationem
1856 2540 2044 2604 fuisse
2098 2551 2448 2605 monerent.
2546 2537 2653 2600 Sed

419 2645 505 2704 ita
547 2645 722 2703 nimis
768 2644 1025 2723 abrupte
1067 2651 1129 2704 et
1167 2645 1429 2703 obscure
1473 2646 1711 2705 locutus
1758 2650 1922 2704 esset
1962 2653 2168 2723 poeta.
2256 2647 2419 2710 Illud
2454 2647 2650 2726 ipsum,

421 2744 558 2806 fore
605 2744 1142 2807 contrectationem
1189 2745 1455 2824 eandem
1498 2729 1995 2826 generationem,
2057 2746 2202 2826 quin
2246 2756 2419 2810 certe
2465 2747 2651 2826 aliquo

421 2847 610 2915 modo
655 2845 1072 2928 significatum.
1101 2847 1179 2909 sit
1219 2848 1343 2911 hoc
1386 2847 1559 2924 loco,
1622 2849 1875 2922 dubium
1921 2869 2058 2912 esse
2108 2871 2233 2914 non
2280 2859 2509 2933 potest.
2556 2847 2652 2906 ·Et

423 2951 724 3014 concessit
777 2952 909 3030 ipse
969 2951 1471 3026 Wunderlicbius
1526 2954 1777 3016 brevius
1830 2961 1893 3014 et
1939 2953 2345 3034 negligentius
2398 2955 2653 3016 locutum

424 3075 560 3116 esse
604 3054 1003 3135 Aeschylum,
1061 3057 1176 3118 sed
1219 3056 1347 3118 hoc
1384 3056 1628 3117 licuisse
1664 3057 1760 3130 ei,
1816 3077 2003 3137 quum
2047 3076 2147 3118 res
2194 3059 2483 3120 omnibus
2522 3061 2650 3114 nota

424 3158 669 3231 fuisset,
731 3158 1068 3234 contendit.
1132 3178 1423 3233 monem,-
1494 3159 1755 3224 eandem
1810 3161 2009 3240 ipsam
2066 3161 2310 3228 dicendi
2365 3159 2651 3230 rationem

426 3282 565 3324 esse
605 3263 746 3323 loco
793 3263 1094 3342 gemello,
1157 3265 1259 3344 qui
1306 3271 1401 3326 est
1439 3263 1797 3344 Supplicum
1838 3264 1943 3325 Vs.
1970 3263 2113 3342 310.
2202 3263 2435 3326 Omnes
2483 3273 2649 3338 quum

426 3367 575 3427 dixit
633 3366 726 3450 vir
782 3364 1028 3440 doctus,
1087 3366 1258 3428 haud
1304 3365 1488 3427 dubie
1536 3385 1677 3440 eota,
1745 3366 1847 3444 qui
1900 3367 2287 3446 spectabant„
2352 3360 2651 3429 intellexit-

423 3469 583 3532 Male
628 3467 894 3548 quidem.
980 3469 1204 3530 Nostro
1247 3468 1390 3536 loco
1431 3468 1565 3528 loni
1602 3476 1663 3528 et
1698 3467 1907 3529 Cboro
1952 3467 2251 3536 nihildum
2289 3477 2510 3530 notum
2546 3469 2649 3532 est;

424 3573 780 3637 vaticinatur
821 3571 1224 3634 Prometheus
1270 3565 1352 3634 d‘e
1395 3571 1613 3644 rebus,
1677 3589 1837 3650 quae
1882 3571 2122 3632 futurae
2178 3571 2327 3646 sint,
2390 3568 2555 3651 quod
2594 3569 2650 3622 ut

425 3674 603 3741 claris
660 3681 721 3734 et
772 3673 1109 3754 perspicuis
1163 3673 1368 3736 verbis
1438 3674 1703 3736 faceret.
1732 3675 2081 3756 oportebat.
2198 3675 2391 3735 Aliter
2442 3679 2646 3740 resse
2721 3743 2722 3758 χ

424 3778 615 3838 habet
657 3775 1006 3856 Supplicum
1061 3777 1224 3839 loco.
1285 3776 1474 3850 :Quo
1527 3778 1581 3841 si
1622 3777 1863 3841 Chorus
1923 3778 2167 3842 brevius
2228 3786 2289 3840 et
2344 3773 2647 3840 obscurius
2721 3771 2722 3774 ’

424 3882 667 3946 locutus
719 3887 812 3944 est
870 3889 936 3944 ut
994 3881 1072 3944 de
1128 3901 1202 3946 re
1258 3881 1320 3940 in
1381 3881 1731 3950 universum
1792 3888 1979 3956 nota,
2014 3887 2017 3890 '
2056 3881 2304 3944 minime
2372 3877 2645 3958 sequitur,

423 3980 588 4044 idem
641 3989 730 4052 ut
757 3984 1136 4058 Prometheo¹
1185 3983 1424 4044 licuerit
1458 4001 1734 4063 prorsus
1800 3983 1919 4045 alia
1980 3985 2042 4043 in
2104 4001 2319 4045 caussa
2376 3974 2645 4044 versanti.

425 4086 560 4150 Sed‘
602 4087 972 4166 inquiramus
1031 4089 1368 4176 accuratius
1390 4133 1425 4161 ‚,
1468 4103 1614 4147 num
1658 4085 1993 4168 Aeschylus
2016 4147 2023 4152 ,
2044 4106 2265 4150 revera
2313 4083 2554 4148 hrev'ius
2598 4081 2650 4135 et

425 4190 823 4272 negligentius
884 4190 1120 4262 locutus
1175 4191 1254 4260 sit
1310 4191 1449 4251 loco
1510 4191 1882 4271 Supplicum.
1995 4191 2338 4265 Orationis,
2408 4203 2525 4268 qua
2578 4179 2646 4238 de

426 4293 607 4359 rebus
651 4293 815 4360 lonis
863 4295 1216 4376 exponitur,
1273 4294 1649 4375 perpetuitas
1693 4294 1851 4358 haec
1898 4302 2021 4356 est:
