2759 5084
1380 210 1799 272 -42-

473 399 886 446 marmoreum
929 379 1010 443 ad
1051 397 1331 442 museum
1373 379 1914 442 Pioclementinum
1956 380 2299 462 pertinens,
2344 373 2513 455 quod
2552 393 2681 453 pro-

473 485 678 548 babile
737 490 834 546 est
887 483 1124 546 referre
1182 482 1656 546 celeberrimam
1716 483 1960 564 Scopae
2004 489 2281 546 statuam
2336 477 2403 538 in
2460 473 2679 536 aedibus

471 587 769 670 Apollinis
811 586 1068 649 Palatini
1113 585 1480 648 collocatam
1494 633 1511 661 ,
1576 587 2034 649 accuratissime
2076 582 2238 646 illud
2276 579 2441 642 inter
2482 593 2681 648 omnes,

473 709 634 772 quae
677 689 882 752 adhuc
923 696 1165 752 exstant
1184 738 1200 766 ,
1242 687 1549 771 Apollinis
1592 688 1941 751 citharoedi
1980 686 2291 768 imagines
2336 686 2605 743 ornatum
2636 683 2682 735 et

470 793 753 855 vestitum
793 791 1245 856 citharistarum
1285 792 1386 855 vel
1430 789 1937 854 citharoedorum
1980 788 2322 860 exhibens,
2364 780 2485 844 vid.
2530 779 2681 839 «Mn-

471 896 578 956 see
619 894 910 974 Francois
929 919 958 952 a·
1019 896 1082 956 P.
1124 894 1183 970 1,
1239 895 1366 956 tab.
1394 895 1435 956 5
1480 901 1545 956 et
1584 893 1870 958 Mueller-i
1932 887 2355 956 «Denkmiiler
2398 884 2509 946 der
2546 881 2683 942 alten

469 998 738 1072 Kunst»,
784 998 853 1057 T.
883 997 939 1072 1,
981 997 1110 1058 tah.
1141 998 1411 1074 XXXII,
1459 1000 1600 1075 141,
1628 1015 1685 1057 a.
1770 995 2116 1058 Tibicinum
2156 1009 2317 1055 vero
2361 1007 2481 1069 κρο
2520 981 2685 1060 πέζια

470 1097 874 1180 perhibentur
915 1097 1107 1160 fuisse
1125 1147 1140 1176 ,
1199 1099 1454 1161 Boeotis
1506 1098 1827 1181 proprium
1888 1091 2303 1161 calceamenti
2346 1104 2565 1172 genus,
2620 1080 2681 1140 de

475 1219 600 1282 quo
645 1207 904 1282 egerunt
953 1199 1288 1262 Salmasius
1349 1200 1435 1262 ad
1475 1201 1809 1282 scriptores
1851 1200 1926 1261 Η.
1968 1200 2039 1260 Α.
2102 1200 2176 1260 Τ.
2212 1195 2287 1256 11.
2329 1211 2393 1273 p·
2419 1185 2538 1251 838
2576 1199 2681 1260 S‘lq·

474 1301 592 1384 (ed.
633 1301 828 1384 Lugd.
879 1301 1011 1364 Bat.
1054 1318 1115 1363 u.
1159 1301 1342 1386 1671)
1406 1311 1469 1364 et
1522 1302 1909 1384 Boettigerus
1978 1298 2173 1384 «quid
2214 1297 2297 1358 sit
2342 1292 2562 1356 docere
2598 1283 2680 1342 sa-

474 1405 722 1466 bulum»
768 1403 1002 1484 prolus.
1046 1405 1148 1466 alt.
1190 1425 1252 1486 p.
1281 1405 1322 1468 6
1354 1424 1493 1487 sqq.
1536 1406 1678 1467 adn.
1722 1404 2023 1489 (opuscul.
2064 1426 2129 1486 p.
2164 1399 2294 1465 303
2336 1392 2489 1475 sq.);
2530 1383 2680 1449 ῐθὸῑί-

473 1504 684 1568 monia
745 1513 1190 1588 congesserunt
1250 1505 1665 1570 Schneiderus
1730 1508 1770 1569 l.
1825 1529 1875 1569 c.
1936 1528 1998 1588 p.
2052 1508 2181 1570 104
2256 1509 2321 1566 et
2379 1486 2679 1561 Meineldus

479 1608 794 1672 «Historia
835 1610 1042 1674 critica
1085 1610 1477 1674 comicorum
1520 1611 1936 1674 Graecorum»
1983 1630 2045 1691 p.
2078 1608 2229 1672 336.

477 1784 746 1850 Per-gitur.
821 1785 1107 1849 Probatur,
1149 1788 1352 1856 gallum
1387 1788 1745 1856 gallinaceum
1796 1793 1851 1838 et
1885 1786 2105 1838 alteram
2143 1795 2384 1854 upupam
2418 1770 2580 1828 cristis
2610 1780 2674 1814 θι-

475 1869 668 1920 ruisse.
743 1871 1061 1940 Disputatur
1107 1875 1173 1925 de
1209 1875 1442 1926 luscinia
1488 1874 1717 1926 tibicina
1752 1874 1921 1942 deque
1972 1889 2132 1924 corvo
2185 1867 2415 1922 tibicine
2451 1861 2517 1913 ad
2546 1857 2675 1906 inter·

475 1960 764 2028 pretandos
802 1961 985 2023 locos,
1025 1963 1117 2031 qui
1153 1967 1281 2014 sunt
1312 1963 1409 2015 Vs.
1450 1961 1552 2012 658
1574 1979 1691 2031 sqq.
1731 1968 1785 2013 et
1822 1961 1917 2014 Vs.
1958 1961 2059 2012 859
2086 1980 2208 2032 sqq.
2288 1950 2573 2024 Exponitur
2608 1953 2674 1988 ac·

475 2047 713 2099 curatius
731 2085 748 2109 ,
807 2066 943 2118 quae
990 2049 1064 2104 ait
1113 2050 1302 2101 horum
1357 2053 1583 2102 duorum
1632 2051 1958 2101 musicorum
2014 2056 2071 2100 et
2122 2047 2265 2100 ratio
2318 2049 2375 2093 et
2419 2033 2593 2089 relatio
2622 2024 2674 2074 εὖ

581 2135 728 2187 illos.
800 2137 994 2204 Agitur
1027 2138 1084 2188 in
1121 2144 1431 2190 transcursu
1468 2140 1535 2189 de
1574 2137 1760 2189 But-lo
1808 2143 1864 2188 et
1908 2137 2236 2204 Antigenidn
2268 2122 2591 2184 tibicinum·

639 2235 804 2314 Ergo
869 2233 1353 2298 demonstratum
1416 2235 1692 2313 videtur,
1754 2237 2065 2300 vocabula
2120 2229 2331 2316 λόφος
2357 2275 2373 2304 9
2440 2215 2681 2300 io'qvmotc

475 2357 602 2401 non
661 2345 944 2418 spectare
1000 2337 1079 2400 ad
1143 2340 1360 2402 cristas
1426 2347 1717 2420 quattuor
1756 2339 1980 2403 avium.
2087 2331 2443 2401 Fatendum
2490 2329 2679 2384 tamen,
2719 2321 2720 2362 ἢ

475 2441 712 2504 habere
755 2448 1032 2504 nostram
1073 2443 1439 2505 sententiam
1482 2443 1962 2519 dubitationem,
2006 2461 2157 2504 num
2199 2439 2305 2502 hic
2342 2431 2529 2515 poeta
2562 2419 2678 2495 apte

475 2545 592 2623 ita,
635 2551 706 2607 ut
744 2545 1334 2622 demonstravimus,
1378 2565 1525 2608 usus
1566 2546 1648 2609 sit
1686 2546 1809 2608 illis
1840 2545 2185 2621 vocabulis,
2228 2532 2526 2619 siquidem
2563 2513 2674 2600 831'

477 2649 607 2711 lum
651 2649 1054 2730 gallinaceum
1097 2656 1161 2709 et
1204 2647 1465 2709 alteram
1504 2668 1774 2731 upupam
1816 2666 2037 2712 revera
2079 2644 2313 2719 cristis,
2358 2651 2505 2719 <1⁰8⁸
2542 2637 2673 2705 1³1⁰*

478 2751 615 2832 prie
657 2749 960 2830 appellari
1002 2747 1245 2833 λόφους
1287 2756 1504 2811 notum
1548 2758 1676 2827 est,
1738 2750 2061 2812 instructas
2103 2736 2487 2829 produxerit·
2562 2723 2677 2795 0¹¹²

479 2855 560 2917 de
599 2871 670 2914 re
687 2899 703 2928 ,
747 2871 826 2913 ne
869 2851 1004 2932 quis
1061 2851 1142 2912 ab
1183 2850 1306 2913 hac
1346 2858 1525 2931 parte
1584 2859 1692 2914 aut
1731 2852 1915 2914 nobis
1960 2851 2345 2914 contradicat
2388 2843 2491 2904 aut
2526 2843 2673 2892 sum·
2716 2889 2718 2936 1

479 2975 646 3020 mum
689 2955 1004 3018 Comicum
1047 2951 1179 3015 vitii
1223 2953 1475 3016 crimine
1518 2963 1769 3033 oneret,
1810 2955 2243 3037 inquirendum
2288 2946 2411 3012 erit
2447 2943 2679 3002 aecum-
2717 2939 2718 2950 ’

481 3063 632 3136 tius,
675 3059 830 3120 illud
874 3078 1018 3120 num
1061 3075 1210 3118 vere
1249 3055 1457 3119 locum
1497 3058 1821 3136 hahuerit,
1880 3076 1961 3120 an
2014 3058 2229 3121 minus.
2338 3053 2415 3113 Et
2468 3036 2675 3104 videtur

479 3161 664 3224 nobis
709 3160 993 3240 speciose
1051 3162 1519 3222 commonstrari
1574 3181 1763 3242 posse
1782 3210 1798 3238 ,
1854 3169 2135 3224 neutram
2179 3175 2357 3224 avem
2402 3143 2675 3212 cristatam

475 3263 684 3326 fuisse.
767 3260 1136 3341 Incipiamus
1181 3260 1261 3322 ab
1307 3262 1503 3324 altera
1546 3282 1769 3344 upupa.
1853 3263 2127 3324 Priorem
2144 3309 2159 3336 ,
2226 3264 2492 3323 Procnes
2532 3240 2673 3303 illum

478 3364 795 3440 maritum,
839 3361 1185 3448 τριλοφίαν
1228 3363 1561 3442 habuisse,
1602 3383 1789 3446 supra
1829 3364 2110 3427 vidimus.
2196 3361 2323 3428 Sed
2352 3371 2487 3420 eam
2524 3351 2675 3405 avum

483 3487 620 3531 esse
678 3466 930 3530 alterius
975 3485 1222 3548 upupae
1264 3474 1443 3547 patre
1486 3474 1669 3528 natue
1708 3483 1801 3543 ea,
1846 3486 2029 3548 quam
2064 3466 2375 3530 Philocles
2422 3444 2674 3518 foediore

481 3578 734 3652 aspectu
807 3569 1204 3650 descripserit
1257 3567 1362 3630 vel
1415 3569 1620 3646 potius
1675 3569 2066 3651 produxerit,
2146 3558 2566 3651 cognoscimus
2612 3555 2677 3600 01

480 3676 644 3750 loco,
691 3677 794 3753 qui
839 3680 934 3733 est
988 3671 1091 3733 Vs.
1137 3671 1256 3733 281
1305 3689 1471 3749 sqq„
1517 3670 1595 3732 de
1636 3689 1785 3751 quo.
1808 3671 2157 3752 nuperrime
2198 3655 2525 3749 disputavit
2562 3646 2675 3708 GU*

481 3771 685 3837 stavus
745 3775 1026 3834 Exnerus
1085 3773 1328 3833 dissert.
1405 3770 1529 3834 «de
1584 3772 1803 3835 schola
1853 3771 2145 3854 Aeschyli
2209 3779 2271 3834 et
2328 3755 2677 3859 trilog'iffl'pm
2715 3777 2716 3839 ι

481 3877 758 3939 ratione»
806 3894 868 3955 p.
897 3875 978 3934 10
1017 3893 1150 3954 sqq.
1233 3875 1435 3956 Ergo,
1482 3895 1668 3956 quum
1710 3875 1861 3936 nihil
1908 3892 2165 3938 caussae
2208 3872 2315 3946 sit,
2378 3879 2483 3926 cur
2520 3863 2676 3935 P¹¹⁰‘'

481 3977 620 4041 rem
657 3994 927 4060 upupam
971 3975 1350 4056 decrepitum
1392 3977 1585 4038 fuisse
1626 3995 1839 4038 senem
1882 3977 2326 4048 existimemus,
2368 3957 2676 4030 consenta-

483 4099 666 4142 neum
710 4087 833 4154 est,
875 4083 946 4140 ut
975 4077 1232 4140 alteram
1274 4078 1510 4160 pullam
1550 4078 1940 4160 cogitandam
1978 4097 2117 4140 esse
2153 4076 2495 4140 credamus3
2537 4046 2677 4116 unde

481 4201 690 4246 rursus
733 4181 1036 4261 sequitur,
1091 4189 1160 4242 nt
1229 4181 1417 4244 crista
1477 4179 1758 4244 caruerit.
1842 4181 2038 4242 Porro
2108 4179 2279 4261 quod
2344 4170 2421 4234 ad
2478 4156 2678 4245 gallum

479 4286 884 4368 gallinaceum
927 4283 1172 4359 attinet,
1217 4283 1475 4348 vidimus
1520 4303 1669 4348 sane
1689 4331 1707 4360 ,
1778 4282 1876 4349 vel
1918 4283 1981 4344 in
2024 4283 2143 4346 hac
2202 4276 2416 4348 fabula
2456 4263 2678 4330 cristam
