2759 5084
1272 156 1739 219 -118—

363 338 461 393 rat
502 328 723 410 aliquis
744 374 765 403 ,
829 348 937 389 cur
996 329 1123 391 hoc
1193 330 1398 410 ipsum
1459 329 1834 393 vocabulum
1891 328 2248 393 adhibuerit
2315 328 2624 391 Comicus.

362 437 651 497 Fortasse
692 450 823 493 non
878 431 1187 492 absonum
1244 432 1432 498 fuerit
1479 426 1830 515 conjicere,
1897 450 2042 493 eum
2093 432 2252 495 illud
2292 432 2440 493 ideo
2485 432 2623 495 ele·-

364 538 556 618 gisse,
601 540 668 594 ut
708 533 794 608 is,
862 534 971 613 qui
1024 533 1476 595 Pisthetaerum
1531 541 1773 615 ageret,
1801 538 1900 597 'eo
1949 535 2126 615 quad
2163 536 2448 615 priorem
2489 536 2626 619 syl-

358 638 571 700 labam
614 637 814 699 minus
880 635 1166 697 distincte
1208 637 1672 717 pronuntiaret,
1729 644 2096 721 spectantes
2133 645 2426 701 moneret
2463 658 2624 719 pro-

360 740 498 823 prie
540 736 1009 819 intelligendum
1052 756 1189 800 esse
1234 740 1357 803 τοῦ
1411 738 1726 823 planeve,
1791 738 1892 801 cui
1975 739 2260 821 opinioni
2311 760 2446 803 uon
2497 741 2627 803 ob-

360 850 531 905 stare
572 861 824 919 censeo,
866 842 1036 922 quod
1080 834 1159 907 τὸ
1202 854 1469 923 panone,
1535 840 1914 905 vocabulum
1951 862 2158 923 aeque
2195 843 2476 925 ignotum
2520 853 2624 905 at-

357 941 695 1026 que'illud,
742 944 999 1025 proprie
1040 942 1317 1025 priorem
1358 942 1664 1025 syllabam
1725 943 1978 1029 longam
2019 945 2396 1013 habiturum.
2439 952 2623 1024 esset.

358 1049 531 1109 Haec
572 1047 758 1127 igitur
796 1065 915 1127 pro
960 1063 1039 1107 ea
1080 1045 1388 1107 sententia
1429 1046 1642 1107 afferri
1681 1053 1960 1127 possunt,
2005 1066 2192 1127 quam
2229 1064 2422 1127 supra
2459 1067 2623 1127 pro-

358 1149 509 1211 fessi
550 1166 795 1223 sumus,
850 1166 979 1209 non
1024 1148 1109 1209 ad
1148 1166 1263 1209 eos
1306 1145 1486 1211 solos
1526 1146 1725 1209 alludi
1765 1154 2007 1223 muros,
2053 1150 2159 1231 qui
2204 1148 2626 1213 Themistocle

360 1258 613 1313 curante
656 1250 825 1311 circa
864 1252 1031 1331 ipsas
1072 1251 1347 1313 Athenas
1391 1250 1562 1313 ducti
1601 1259 1761 1315 suut.
1847 1252 1974 1315 Sed
2025 1269 2188 1334 quae
2228 1272 2312 1316 ex
2355 1273 2623 1317 accura-

359 1353 522 1415 tiore
588 1352 1007 1433 descriptione
1064 1353 1261 1416 nuntii
1302 1354 1452 1415 iude
1500 1354 1584 1415 ab
1629 1354 1741 1416 Vs.
1795 1356 1958 1417 1133
2005 1354 2086 1417 de
2129 1362 2436 1419 structura
2475 1376 2624 1419 mu-

358 1474 572 1518 rorum
634 1456 935 1537 colligere
1000 1456 1173 1533 licet,
1238 1478 1356 1519 nos
1416 1458 1702 1539 relegant
1763 1459 1974 1540 potius
2057 1460 2142 1521 ad
2207 1459 2330 1521 hos
2388 1480 2623 1537 muros,

356 1558 587 1639 quippe
628 1558 856 1620 horum
896 1559 1253 1641 superiores
1295 1568 1505 1642 partes
1543 1560 1740 1623 fnisse
1781 1559 2104 1636 latei-ilias,
2153 1567 2360 1623 »certe
2401 1561 2482 1623 iis
2511 1561 2622 1623 lo-

356 1662 448 1724 cis
468 1708 485 1737 ,
546 1662 769 1741 quibus
812 1681 943 1725 non
986 1682 1063 1725 ex
1104 1663 1562 1743 antiquioribus
1617 1663 1946 1725 moenibus
1999 1662 2186 1745 copia
2253 1671 2624 1749 caemento-

356 1782 530 1840 rum,
592 1785 669 1827 ex
728 1765 951 1846 quibus
1003 1767 1109 1829 illa
1152 1772 1466 1827 exstructa
1529 1764 1724 1827 fuisse
1779 1764 2173 1839 crediderim,
2213 1770 2622 1843 supererat»,

358 1867 769 1949 probabiliter
830 1869 921 1931 ait
980 1867 1313 1931 Muellerus
1378 1867 1421 1929 l.
1467 1886 1519 1929 c.
1567 1888 1626 1947 p.
1677 1866 1776 1929 12.
1829 1866 2172 1931 secundum
2219 1866 2619 1947 ,Thucydidis

362 1969 569 2031 locum
614 1971 899 2045 citatum;
942 1970 1033 2033 sic
1076 1970 1263 2034 etiam
1306 1968 1932 2051 Nephelococcygiae
1976 1968 2629 2049 murorum-superior

354 2092 501 2154 pars
546 2073 813 2135 lateritia
858 2082 977 2148 est,
1038 2092 1241 2154 neque
1286 2073 1510 2137 eadem
1551 2072 1691 2153 ipsa
1733 2090 1832 2133 res
1877 2070 1958 2132 de
2002 2070 2260 2151 reliquis
2293 2070 2514 2139 muris.
2539 2071 2626 2131 ad

358 2176 738 2235 munimenta
793 2175 1175 2237 Athenarum
1222 2174 1394 2235 urbis
1458 2172 1914 2255 pertinentibus.
1961 2172 2190 2241 valet...
2231 2172 2627 2255 Quamquam

358 2296 439 2339 ne
482 2276 561 2339 ab
605 2276 747 2338 hac·
773 2276 1023 2357 quidem
1066 2283 1247 2357 parte
1292 2277 1504 2339 omnia
1543 2294 1800 2357 prorsus
1857 2281 2014 2340 suut‘
2054 2276 2622 2345 intersesimilia.

358 2382 512 2443 Nam
552 2379 617 2440 in
658 2378 783 2441 illis
826 2378 1155 2443 moenibus
1194 2379 1581 2443 Athenarum
1623 2378 1794 2443 urbis
1865 2378 2233 2463 »crepidinis
2281 2375 2626 2461 saxa·(·9·e·-

354 2482 625 2565 μελέους
664 2480 921 2565 λίθους)
966 2501 1097 2543 nou
1138 2483 1462 2561 quadrata·
1489 2481 1591 2543 vel
1633 2481 1716 2544 ad
1759 2500 2042 2546 normam
2081 2500 2266 2545 caesa
2309 2477 2414 2563 (ου’
2459 2489 2626 2561 ξυν-

356 2581 863 2667 ειργαομένους),
928 2584 1041 2645 sed
1104 2592 1572 2647 caementorum
1644 2586 1867 2659 modo,
1926 2590 2003 2647 ut..
2037 2585 2303 2666 quisque
2358 2596 2445 2647 ea·
2491 2584 2626 2647 ad—

356 2694 641 2760 vexerat,
702 2691 1003 2765 congesta
1064 2686 1277 2763 fuisse,
1340 2687 1428 2748 ita
1471 2694 1540 2749 ut
1581 2687 1770 2749 etiam
1814 2689 2240 2768 sepulcrorum
2285 2689 2506 2770 cippos
2553 2697 2627 2751 et

356 2788 635 2870 sculptos
674 2787 919 2869 lapides
964 2787 1223 2871 (λίθους
1262 2788 1750 2874 εἰργασμένους)
1775 2790 1856 2853 in
1885 2808 2102 2855 muros
2140 2790 2416 2856 inclusos
2453 2810 2628 2855 con-

356 2891 597 2972 spicere
639 2889 915 2968 liceret»,
962 2891 1120 2953 duce
1164 2891 1530 2975 Thucydide
1565 2893 1696 2975 jam
1737 2892 2071 2957 Muellerus
2103 2894 2428 2976 adnotavit
2466 2893 2515 2955 1.
2535 2914 2630 2973 c.;

358 3001 575 3056 contra
616 2994 681 3055 in
724 2996 911 3056 muris
955 2994 1578 3078 Nephelococcygiaess
1621 2996 1953 3076 crepidinis
1997 3006 2152 3061 sax'a
2193 2995 2433 3077 sculpta
2473 3014 2630 3057 esse

354 3095 454 3156 vel
496 3095 733 3155 affabre
780 3096 979 3171 facta,
1048 3115 1129 3157 ex
1170 3097 1277 3162 Vs.
1320 3096 1488 3161 113ss
1544 3098 1934 3179 perspicitur.
1991 3153 1998 3164 .
2038 3099 2308 3166 Omnino
2369 3096 2462 3159 illi
2521 3098 2628 3159 rei

356 3197 645 3281 equidem
686 3218 814 3261 uon
856 3199 1110 3261 nimium
1153 3201 1480 3265 tribuerim
1521 3206 1650 3263 tum
1695 3200 1834 3263 aliis
1877 3201 1958 3263 de
2003 3200 2238 3269 caussis
2280 3207 2412 3263 tum
2443 3199 2627 3276 ideo,

358 3303 527 3384 quod
568 3301 693 3363 hoc
737 3306 930 3384 gemis
970 3324 1289 3367 marorum
1332 3305 1398 3367 in
1441 3302 1842 3367 fundamento
1894 3300 2152 3383 lapideo
2195 3323 2275 3365 ex
2315 3303 2627 3366 lateribus

354 3424 481 3466 nou
524 3404 718 3466 coctis
780 3404 913 3468 luto
972 3408 1317 3470 commissis
1383 3408 1448 3470 in
1513 3404 1775 3467 Graecia
1833 3404 2264 3486 pervulgatum
2309 3412 2480 3481 erat,
2545 3406 2626 3467 id

354 3507 525 3587 quod
588 3506 757 3567 idem
814 3507 921 3570 ille
982 3510 1077 3573 vir
1119 3508 1700 3584 desideratissimus,
1743 3516 2116 3590 praeceptor
2174 3525 2384 3583 meus,
2431 3509 2624 3589 cujus

350 3610 547 3672 verba
586 3629 714 3672 non
756 3612 933 3693 potui
990 3630 1117 3673 non
1159 3614 1297 3691 ipsa
1339 3610 1641 3675 adhibere
1697 3612 2078 3693 ubicunque·
2111 3610 2206 3673 ad.
2249 3630 2382 3673 rem
2426 3611 2626 3671 face-

351 3712 537 3786 rent,
566 3714 803 3775 monuit
845 3714 888 3774 l.
927 3733 984 3773 ·c.
1050 3732 1115 3793 p.
1142 3713 1222 3775 13
1251 3732 1345 3793 sq.
1430 3715 1575 3779 Utut
1613 3716 1696 3779 de
1737 3717 1869 3789 his,
1933 3734 2094 3795 quae
2137 3715 2626 3795 adhuc‘dispu-

348 3815 609 3878 tavimus
632 3862 649 3889 ,
710 3815 1024 3890 statuitur,
1079 3814 1205 3877 hoc
1266 3824 1502 3880 certum
1545 3826 1670 3893 est,
1717 3818 2032 3881 Comicum
2072 3817 2140 3877 in
2179 3817 2274 3893 iis,
2319 3834 2484 3901 quae
2529 3819 2620 3881 de

332 3919 537 3983 muris
581 3915 1201 3999 Nephelococcygiae
1242 3920 1486 4000 posuit,
1546 3922 1856 3985 rationem
1913 3919 2214 3983 habuisse
2253 3919 2621 3983 munimen-

348 4029 554 4083 torum
596 4022 977 4083 Athenarum
1038 4020 1230 4095 urbis,
1288 4030 1357 4083 ut
1417 4040 1535 4103 par
1579 4032 1741 4095 erat,
1817 4023 1922 4084 ubi
1967 4028 2258 4103 ageretur
2307 4022 2388 4083 de
2432 4024 2616 4099 urbe,

346 4141 509 4204 quae
555 4124 731 4205 quasi
775 4130 1067 4204 tauquam
1111 4124 1365 4185 colonia
1413 4126 1806 4189 Atheniensis
1853 4124 2308 4200 consideranda
2345 4132 2464 4203 est,
2507 4128 2616 4197 vel

344 4226 552 4305 potius
596 4232 893 4307 tanquam
935 4224 1171 4289 alterae
1224 4226 1528 4291 Athenae.
