2759 5084
1267 192 1735 255 —114—

378 374 629 451 praeter
670 384 811 429 eam
866 364 1027 428 arcis
1068 371 1344 447 partem,
1413 380 1576 444 quae
1631 361 1903 424 maxime
1955 360 2210 423 declivis
2267 366 2404 422 erat
2418 405 2436 435 ‚
2505 359 2644 421 loca

382 472 449 536 in
490 469 683 552 plano
728 468 1019 553 proxime
1077 467 1359 551 subjecta
1401 464 1980 547 comprehenderet.
2067 462 2210 538 Quo
2254 462 2522 539 factum,
2586 473 2646 526 ut

383 574 552 636 idem
590 570 979 654 Pelasgicum
1031 570 1223 633 modo
1280 588 1494 631 murus
1537 568 1705 631 circa
1742 565 2085 649 Acropolin
2143 566 2391 640 ductuS,
2457 566 2642 627 modo

386 674 781 756 Acropoleos
823 692 991 754 pars,
1032 671 1225 735 modo
1269 671 1448 735 locus
1491 670 1574 733 ab
1615 669 1912 752 Acropoli
1957 670 2295 754 disjunctus
2341 675 2402 731 et
2443 669 2645 730 Acro—

386 775 523 859 poli
564 775 881 857 subjectus
921 773 1118 837 fuisse
1154 773 1479 837 diceretur.
1561 775 1617 836 A
1652 792 1878 836 novem
1910 773 2127 854 portiS‚
2171 772 2396 855 quihus
2425 771 2646 833 utrim-

391 898 513 960 que
554 876 835 959 pervium
878 882 1030 951 erat,
1072 876 1503 960 Enneapylum
1559 875 1937 957 appellatum
1997 883 2153 937 est».
2235 876 2463 936 Nostro
2505 871 2646 934 loco

389 989 687 1060 tauquam
748 987 993 1063 partem
1054 965 1213 1043 arcis'
1272 978 1474 1061 accipi
1532 977 1944 1061 Pelasgicum‚
2008 976 2294 1040 Muelleri
2349 975 2647 1038 sententia

390 1086 519 1143 est:
586 1080 1069 1162 Aristophanem
1114 1082 1279 1145 enim
1338 1082 1455 1163 τῆς
1523 1076 1808 1155 πόλεως,
1879 1079 1921 1140 i.
1967 1098 2023 1141 e.
2082 1070 2515 1163 ἀκροπόλεως,
2571 1067 2649 1140 .τὸ

391 1178 808 1268 Πελαργικὸν
851 1184 1060 1247 dicere
1102 1183 1295 1246 fuisse
1334 1182 1402 1245 in
1445 1180 1721 1264 rupibus,
1765 1182 1874 1246 ἐπὶ
1919 1180 2197 1262 πετρῶν.
2275 1179 2474 1241 Aliter
2515 1185 2648 1241 sta-

390 1287 585 1349 tuisse
638 1286 925 1350 videntur
976 1284 1369 1360 scholiasteS,
1447 1284 1553 1367 qui
1617 1283 1778 1347 haec
1837 1282 2160 1347 adnotavit
2221 1282 2306 1346 ad
2347 1283 2458 1345 Vs.
2493 1282 2646 1345 833:

384 1386 551 1456 ‘'Ou
596 1380 942 1475 Ἀθήνῃσι
981 1385 1061 1457 τό
1118 1382 1542 1473 Πελαργικὸν
1591 1401 1802 1473 τεῖχος
1857 1392 1930 1452 ἐν
1985 1386 2070 1471 τῇ
2111 1382 2506 1469 ἀκροπόλει,
2571 1374 2649 1452 οὗ

385 1490 741 1575 μέμνηται
790 1490 1225 1579 Καλλίμαχος
1248 1538 1267 1564 .
1334 1514 1365 1550 »
1386 1490 1742 1573 Τυρσηνῶν
1811 1487 2122 1575 τείχισμα
2181 1481 2650 1573 Πελαργικόν»,

396 1600 459 1655 ct
498 1592 635 1674 ipse
686 1579 854 1655 adeo
884 1594 1184 1676 Didymus
1226 1610 1262 1653 a
1306 1590 1614 1653 Muellero
1648 1590 2010 1667 advocatuS,
2055 1590 2230 1673 cujus
2265 1590 2428 1652 haec
2461 1592 2652 1655 verba

396 1693 685 1776 leguntur
724 1694 809 1758 ad
872 1696 979 1759 Vs.
1046 1694 1171 1759 837
1232 1694 1573 1775 adscripta:
1637 1691 1934 1778 Δίδυμός
1984 1715 2144 1777 φησι
2198 1688 2276 1759 τὸ
2327 1694 2654 1777 Πελαργι-

395 1791 515 1865 κόν
530 1808 743 1884 τεῖχος
760 1796 869 1863 ἐπὶ
896 1798 1157 1882 πετρῶν
1172 1803 1467 1863 uernam.-
1491 1814 1714 1878 nempe
1728 1795 1814 1872 hi,
1835 1794 1954 1857 nisi
1977 1793 2184 1871 fallor,
2209 1814 2453 1856 murum
2465 1796 2656 1858 intel—

392 1897 677 1961 lexeruut
718 1897 883 1962 eirca
940 1917 1151 1961 arcem
1194 1898 1447 1962 ductum
1469 1946 1486 1975 ,
1549 1908 1618 1963 ut
1675 1897 1928 1982 plurimi
1983 1899 2324 1981 scriptores
2377 1907 2654 1975 veteres3

396 2018 597 2081 neque
642 2001 861 2063 dubito
906 2000 1194 2081 equidem
1213 2048 1230 2075 ‚
1296 2000 1446 2081 quin
1489 2000 1754 2063 eandem
1809 2000 2380 2082 interpretationem
2425 2002 2656 2064 admit-

392 2108 529 2166 tant
568 2103 761 2166 verba
802 2102 1057 2166 Comici.
1156 2103 1430 2167 Omnino
1495 2101 1830 2166 admodum
1887 2102 2131 2165 infirma
2191 2112 2288 2165 est
2349 2105 2658 2167 sententia

393 2203 692 2280 Muelleri,
730 2203 1113 2286 Pelasgicum
1156 2204 1344 2267 etiam
1385 2212 1627 2288 partem
1669 2204 1827 2266 arcis
1879 2203 2160 2268 habitum
2205 2220 2348 2269 esse
2389 2224 2658 2269 censen-

393 2304 493 2367 tis.
578 2305 747 2387 Ergo
807 2305 1532 2390 Nephelococeygienses
1590 2306 1779 2368 etiam
1842 2324 2055 2371 arcem
2115 2306 2302 2371 talem
2323 2355 2342 2383 ,
2407 2310 2656 2390 qualem

393 2407 821 2485 Athenienses,
862 2408 1191 2475 habituros
1235 2429 1375 2473 esse
1395 2408 1815 2472 Pisthetaerus
1857 2408 2185 2492 signifieat.
2270 2410 2656 2495 Pelasgicum

394 2520 599 2576 autem
646 2513 821 2594 quod
863 2515 1027 2595 gallo
1071 2513 1422 2598 gallinaceo
1465 2514 1798 2577 tenendum
1841 2514 2097 2591 dicitur,
2141 2515 2242 2581 avi
2291 2514 2658 2579 bellicosis-

392 2616 607 2691 simae,
646 2614 797 2678 ideo
834 2614 930 2694 fit,
972 2615 1145 2697 quod
1183 2615 1309 2679 hoc
1345 2616 1790 2679 munimentum
1832 2619 2171 2699 praecipua
2211 2638 2361 2680 eura
2405 2618 2658 2700 dignum

389 2714 759 2779 habebatur.
842 2719 1173 2780 Praeterea
1212 2718 1297 2793 is,
1356 2718 1462 2799 qui
1513 2736 1718 2780 arcem
1759 2725 1967 2794 tenet,
2011 2719 2300 2783 domiuus
2347 2725 2442 2781 est
2497 2720 2659 2781 civi-

390 2818 567 2881 tatis:
612 2826 676 2882 et
714 2818 906 2881 talem
951 2817 1347 2903 cogitandum
1385 2837 1525 2881 esse
1563 2818 1796 2901 gallum
1824 2818 2256 2902 gallinaceum,
2299 2840 2485 2902 quem
2517 2822 2659 2903 pri-

389 2938 559 2985 mum
602 2920 879 2985 omnium
916 2940 1127 3007 regem
1168 2923 1495 2985 Persarum
1536 2922 1728 2985 fuisse
1773 2942 1854 2985 ex
1915 2922 2021 2984 Vs.
2051 2922 2188 2995 483,
2215 2943 2351 3005 sqq.
2407 2942 2661 3006 cogno-

390 3021 654 3098 scimus,
706 3030 900 3105 poeta
962 3022 1099 3104 ipse
1160 3022 1530 3105 significavit
1569 3023 1920 3087 accuratius
1962 3022 2274 3088 vocabulo
2317 3020 2664 3108 δεσπότης.

389 3122 459 3182 In
503 3140 622 3198 eo,
682 3123 873 3204 quod⁴
896 3123 1097 3207 gallus
1141 3124 1526 3207 gallinaceus
1567 3125 1696 3188 hoc
1736 3125 1886 3188 loco
1929 3124 2240 3207 expressis
2282 3126 2488 3189 verbis
2531 3146 2662 3210 ap·-

388 3221 661 3303 pellatur
700 3221 885 3308 ὅρνις
924 3224 1053 3291 τοῦ
1110 3225 1345 3311 γένους
1387 3230 1516 3295 τοῦ
1571 3228 1933 3313 Περσικοῦ,
1999 3228 2054 3291 si
2114 3229 2263 3309 quid
2337 3249 2662 3311 quaeren-

391 3326 539 3389 dum
582 3334 695 3405 est,
740 3327 807 3390 id
851 3326 1005 3389 nihil
1050 3327 1219 3391 aliud
1264 3348 1407 3393 esse
1449 3335 1676 3410 potest,
1719 3330 1842 3393 nisi
1881 3330 2028 3406 hoc,
2072 3338 2145 3393 ut
2183 3339 2374 3412 poeta
2417 3331 2664 3393 alludat

391 3430 474 3492 ad
538 3431 864 3512 pristinum
908 3430 1083 3493 illum
1145 3431 1291 3513 galli
1354 3431 1682 3515 gallinacei
1745 3432 1810 3493 in
1868 3433 2088 3497 Persas
2151 3432 2537 3495 dominatum
2603 3444 2666 3497 et

389 3533 605 3597 forsan
650 3534 835 3597 etiam
880 3553 1039 3598 voce
1084 3528 1409 3618 Περσικὸς
1437 3531 1522 3593 ad
1563 3531 1825 3596 verbum
1867 3537 2190 3620 πέρθειφς
2235 3552 2440 3616 neque
2491 3536 2662 3597 enim

388 3633 665 3713 probare
704 3654 961 3717 possum
1006 3653 1101 3711 ea,
1148 3652 1311 3716 quae
1356 3634 1690 3715 disputavit
1729 3636 2105 3701 Suevernius
2145 3638 2188 3701 l.
2231 3658 2283 3701 c.
2325 3659 2388 3720 p.
2411 3637 2490 3699 61
2519 3656 2662 3717 sqq.

390 3768 473 3783 -—-
515 3736 718 3797 Etiam
758 3737 1097 3799 Brunckius
1138 3734 1335 3797 verba
1378 3738 1498 3817 τῆς
1540 3732 1791 3811 πόλεως
1830 3731 1906 3805 τὸ
1945 3734 2359 3824 Πελαργικὸν
2398 3737 2666 3801 intelle-

390 3834 477 3898 xit
519 3835 601 3899 de
641 3833 961 3919 Pelasgico
1006 3837 1169 3899 arcis
1212 3857 1393 3900 muro
1413 3885 1430 3915 ,
1487 3858 1674 3921 quem
1717 3839 1920 3901 facete
1964 3833 2386 3930 Πελαργικὸν
2427 3840 2664 3921 appel-—

386 3938 544 4002 laret
605 3938 889 4003 Comicus
962 3940 1047 4004 ad
1110 3939 1492 4007 ciconiarum
1549 3962 1778 4007 nomen
1831 3941 2136 4005 alludens.
2217 3942 2464 4005 Horum
2505 3962 2666 4006 ver-

390 4040 613 4105 borum
658 4062 821 4125 quae
872 4049 1191 4125 postrema
1252 4053 1429 4123 sunt,
1493 4068 1682 4129 quum
1746 4045 2068 4109 verissime
2111 4046 2233 4107 sint
2275 4046 2438 4109 dicta
2465 4090 2481 4119 ,
2547 4046 2662 4106 fa-

390 4143 587 4223 ciunt,
648 4153 718 4210 ut
776 4146 855 4210 de
912 4147 1037 4210 alia
1099 4167 1221 4229 qua
1286 4167 1357 4210 re
1403 4149 1842 4230 disputandum
1884 4148 1967 4211 sit
2022 4147 2238 4230 paullo
2283 4147 2664 4211 accuratius.

390 4247 668 4320 Quaerat
711 4249 875 4313 enim
920 4250 1179 4333 aliquiS‚
1224 4251 1374 4332 quid
1427 4251 1546 4314 sibi
1591 4250 1862 4315 voluerit
1901 4258 2094 4334 poeta
2139 4270 2238 4327 eo,
2283 4250 2458 4332 quod
2495 4248 2660 4310 illud

2731 4350 2738 4429 Ι
