2759 5084
1008 201 1448 265 ...95-

1401 364 1452 439 oi
1492 372 1806 458 pannucia,

458 473 608 557 ἥτις
644 481 727 545 ἐν
760 477 951 561 ἔρωτι
992 474 1097 546 καὶ
1138 473 1480 551 τοιαύταις
1521 473 1804 550 παιδιαῖς

465 578 587 643 οἴει
630 572 709 642 τοὶ
756 572 1094 665 πράγματ’
1134 567 1307 663 ἧμιν
1350 576 1543 646 εἶναι.

138 677 223 738 lta
279 676 441 739 enim
506 698 663 743 unus
722 678 887 743 liber
940 679 1137 743 habet
1198 697 1317 763 pro
1383 682 1507 746 οἴει
1569 673 1654 746 τοὶ
1717 672 2007 764 ἡμέτερα
2047 673 2386 765 πράγματ’

141 778 361 847 εἶναι».
447 783 685 845 Locum
712 782 1145 864 Aristophanis
1190 780 1416 865 injuria
1460 782 1808 845 Meinekins
1850 780 1976 843 huc
2019 782 2223 857 traxit,
2265 802 2389 845 ne—

136 898 253 958 qne
291 883 457 945 enim
496 884 807 965 reperitur
846 883 938 945 ibi
976 886 1386 964 pronominis.
1419 885 1532 947 illa
1573 886 1809 960 forma,
1871 884 1949 945 de
1993 900 2120 964 qna
2161 883 2382 965 agitur.

134 981 491 1064 Nupern'me
535 986 911 1049 Theodorus
961 986 1259 1070 Bergkins
1312 987 1472 1050 Bos.
1513 988 1710 1049 Rhen.
1753 985 1795 1048 l.
1843 1006 1899 1051 c.
1947 985 2262 1049 disserens
2305 986 2388 1049 de

130 1082 265 1146 loco
311 1106 503 1169 supra
556 1089 871 1169 exscripto
920 1108 1085 1151 »non
1125 1096 1395 1171 potest»,
1446 1088 1677 1170 inquit,
1725 1088 2006 1151 »idoneis
2045 1105 2389 1170 argumen-

132 1185 203 1247 tis
246 1190 675 1272 comprobari,
742 1190 1049 1273 ejusmodi
1111 1191 1317 1255 forma
1390 1210 1660 1273 unquam
1716 1210 1894 1253 usum
1955 1209 2094 1253 esse
2136 1190 2388 1253 Aristo-

129 1288 424 1366 phanem:
478 1292 725 1355 accedit
776 1292 948 1373 quod
990 1300 1053 1355 et
1108 1293 1319 1355 inutile
1362 1302 1462 1357 est
1502 1310 1855 1377 pronomen
1897 1302 1962 1356 et
2001 1312 2154 1357 vero
2199 1294 2388 1355 etiam

126 1390 321 1470 ipsum
364 1394 613 1457 dicendi
655 1412 847 1477 genus
889 1385 1163 1479 εἰρήνην
1194 1390 1392 1482 ’ἄγειν
1432 1399 1562 1467 τινὶ
1605 1416 1824 1479 parum
1867 1396 2180 1461 usitatum.
2251 1396 2387 1459 lta-

128 1510 243 1572 que
286 1497 537 1579 scripsi:
607 1490 653 1581 ἢ
710 1497 907 1582 πρίν,
976 1498 1102 1560 hoc
1146 1499 1309 1561 enim
1366 1498 2021 1565 convenientissimum
2086 1507 2180 1563 est
2238 1500 2385 1563 huic

128 1592 282 1673 loco,
327 1599 435 1661 ubi
477 1598 897 1664 Pisthetaerus
940 1600 1147 1663 avium
1208 1602 1450 1665 animos
1506 1603 1719 1689 magis
1767 1624 1970 1695 queam
2015 1611 2218 1665 antea
2263 1604 2382 1665 sihi

124 1702 479 1766 conciliatos
564 1721 705 1765 esse
785 1700 1275 1765 animadvertit».
1379 1703 1726 1767 Adversum
1787 1724 1970 1786 quem
2051 1704 2376 1785 disputans

124 1800 611 1869 Fleckeisenius:
658 1805 869 1885 »quod
888 1803 1185 1887 Bergkius
1227 1803 1438 1879 dicit»,
1479 1805 1706 1886 ajebat,
1755 1805 2009 1869 »inutile
2051 1824 2192 1869 esse
2217 1826 2382 1888 pro-

121 1922 383 1983 nomen,
440 1908 571 1970 hoc
612 1906 813 1969 reddo
836 1906 1050 1987 ‘ipsius
1092 1905 1488 1987 conjecturae
1532 1902 1574 1987 ἢ
1619 1907 1814 1989 πρίν,
1881 1926 2024 1970 nam
2069 1926 2232 1988 quae
2275 1909 2382 1970 al-

122 2014 245 2071 tera
286 2011 467 2073 notio
514 2016 657 2090 apte
700 2007 977 2089 suppleri
1019 2014 1230 2088 potest
1280 2007 1363 2069 ad
1419 2009 1904 2091 comparativum
1948 2010 2216 2091 μᾶλλον
2259 2009 2380 2071 nisi

117 2105 301 2173 haec:
345 2132 551 2204 quam
592 2118 830 2175 antea»
852 2112 881 2170 ἵ
962 2111 1161 2173 Porro
1209 2108 1287 2170 de
1331 2108 1651 2175 locutione
1689 2106 1963 2197 εἰρήνην
2007 2105 2198 2195 ἄγειν
2243 2112 2378 2177 τινὶ

115 2214 499 2289 provocabat
553 2212 635 2273 ad
692 2231 768 2275 ea
792 2260 809 2289 ,
882 2231 1045 2295 quae
1098 2213 1419 2293 congessit
1475 2213 1842 2297 Bernhardy
1909 2215 2080 2299 Synt.
2141 2232 2205 2293 p.
2233 2214 2376 2275 100.

116 2311 281 2379 Haec
356 2316 647 2397 equidem
708 2323 881 2378 recte
940 2333 1079 2377 esse
1134 2314 1375 2377 monita
1435 2315 1888 2388 concedeham;
1966 2312 2079 2374 sed
2125 2312 2202 2375 de
2266 2311 2374 2374 illa

114 2415 315 2481 forma
360 2420 529 2502 apud
570 2416 845 2481 comicos
886 2424 1113 2503 poetas
1157 2414 1540 2477 admittenda
1582 2415 1636 2477 si
1700 2433 1830 2477 non
1870 2414 1992 2487 ita,
2061 2420 2129 2474 ut
2170 2414 2375 2496 Berg-

115 2515 273 2600 kius,
314 2530 383 2585 at
423 2522 513 2585 sic
554 2527 753 2597 certe,
798 2527 867 2582 ut
904 2517 1301 2594 Dindorfius,
1342 2518 1728 2581 affirmabam
1775 2515 2168 2581 statuendum
2199 2533 2373 2592 esse;

114 2642 493 2707 unoquoque
549 2626 695 2687 loco
774 2620 1199 2705 quaerendum
1262 2640 1436 2698 esse,
1497 2628 1796 2701 possetne
1851 2620 1959 2681 ina
2013 2616 2180 2683 facili
2224 2637 2372 2680 mu-

113 2726 343 2791 tatione
385 2727 453 2789 in
490 2727 967 2810 perpetuitatem
1007 2725 1341 2789 verborum
1383 2723 1562 2786 illata
1619 2724 1838 2787 videri.
1925 2720 2368 2809 Ostendebam‚

110 2825 233 2891 hoc
276 2831 341 2893 in
381 2830 549 2893 hunc
610 2829 839 2891 cadere
882 2829 1125 2891 locum:
1192 2846 1384 2907 quum
1447 2826 1614 2887 enim
1678 2827 1784 2887 Vs.
1815 2825 1941 2907 366
2005 2823 2158 2885 nihil
2202 2826 2370 2889 aliud

112 2932 528 2995 contineretur
568 2949 753 3013 quam
796 2932 905 2992 Vs.
932 2930 1095 3007 383,
1141 2936 1396 3010 poetam
1439 2927 1706 2991 fortasse
1747 2925 2070 3008 scripsisse
2112 2916 2270 3009 ἠμί
2307 2920 2368 3013 γ’

109 3051 223 3113 pro
266 3034 465 3123 ἡμῖν.
544 3037 641 3097 De
681 3031 991 3098 vocabulo
1034 3024 1159 3116 ἦμὶ
1198 3031 1279 3093 ab
1320 3031 1463 3113 ipso
1503 3029 1920 3112 Aristophane
1965 3034 2029 3089 et
2071 3026 2151 3089 ab
2195 3029 2367 3091 Her-

108 3138 319 3221 mippo
378 3146 573 3221 poeta
640 3138 885 3201 comico
948 3142 1247 3217 usurpato
1294 3135 1404 3198 cfr.
1463 3152 1627 3216 quae
1692 3132 2008 3214 congessit
2068 3131 2366 3215 Bergkius

108 3235 187 3299 de
250 3243 711 3331 Aristophanis,
752 3260 943 3325 agens
1006 3237 1369 3323 fragmentis
1437 3234 1582 3297 libri
1653 3254 1693 3297 a
1766 3235 2078 3311 Meinekio
2168 3233 2366 3296 curati

105 3341 247 3402 Vol.
289 3344 363 3404 11.
438 3348 505 3405 P.
550 3346 621 3407 11.
676 3364 739 3426 p.
797 3344 982 3407 1077.
1106 3340 1444 3405 Monobam
1526 3345 1732 3401 tamen
1757 3385 1772 3411 ,
1813 3370 1820 3373 -
1859 3334 2228 3417 particulam
2287 3358 2366 3418 ys

105 3442 265 3505 alias
300 3460 449 3507 ‘non
506 3446 766 3526 reperiri
826 3446 1131 3522 additam3
1198 3444 1315 3505 sed
1374 3460 1516 3503 eam
1581 3459 1711 3504 non
1767 3456 1957 3521 posse
2022 3454 2152 3498 non
2213 3432 2362 3495 ferri

106 3546 554 3613 existimabam.
938 3618 945 3625 ‚

277 3651 553 3715 Subinde
598 3650 827 3715 chorus
886 3646 1041 3711 belli
1106 3648 1359 3730 gerendi
1407 3645 1670 3713 consilio
1737 3645 1982 3730 abjecto
2037 3641 2358 3724 pristinam

104 3756 433 3819 stationem
474 3754 730 3835 recipit;
772 3752 1188 3815 Pisthetaerns
1234 3760 1422 3832 atque
1461 3748 1831 3830 EuelpideS,
1875 3752 2208 3829 postquam
2249 3740 2377 3827 ine!

101 3858 505 3943 jurejurando
548 3857 759 3941 adegit
822 3874 1005 3930 aveS,
1066 3854 1267 3935 ipsum
1308 3848 1484 3935 μήτε
1540 3846 1810 3918 δάκνειν
1871 3840 2024 3933 μήτ’
2067 3835 2358 3929 ὀρχίπεδ’

104 3964 318 4029 ἕλκειν
355 3956 511 4043 μήτ’
536 3954 839 4043 ὀρύττειν
876 3950 1287 4039 τώφθαλμώ,
1324 3962 1390 4015 et
1430 3952 1512 4015 ad
1553 3950 1718 4015 hunc
1762 3970 1840 4013 ea
1883 3947 2104 4011 direxit
2143 3941 2355 4022 verba,

108 4081 266 4141 quae
308 4080 501 4143 supra
540 4081 602 4142 p.
632 4061 719 4123 36
755 4061 999 4140 integra
1038 4061 1506 4138 repraesentata
1549 4060 1725 4127 sunt,
1769 4044 2158 4117 πανοπλίαν
2197 4062 2353 4125 pre-

104 4165 383 4231 hendunt
422 4174 487 4229 et
528 4164 913 4246 suspendunt
951 4163 1017 4223 in
1058 4160 1281 4223 culina.
1366 4158 1512 4233 Quo
1557 4156 1723 4217 facto
1779 4150 2010 4215 chorus
2053 4147 2132 4209 ab
2177 4145 2352 4207 initio

102 4268 413 4351 sequentis
456 4284 683 4337 scenae
727 4266 815 4331 ita
857 4263 1133 4347 appellat
1174 4261 1657 4325 Pisthetaerum:
