<?xml version="1.0" encoding="UTF-8"?>
<!DOCTYPE html PUBLIC "-//W3C//DTD XHTML 1.0 Transitional//EN"
    "http://www.w3.org/TR/xhtml1/DTD/xhtml1-transitional.dtd">
<html xmlns="http://www.w3.org/1999/xhtml" xml:lang="en" lang="en">
 <head>
  <title>
</title>
<meta http-equiv="Content-Type" content="text/html;charset=utf-8" />
  <meta name='ocr-system' content='tesseract 3.04.00' />
  <meta name='ocr-capabilities' content='ocr_page ocr_carea ocr_par ocr_line ocrx_word'/>
</head>
<body>
  <div class='ocr_page' id='page_1' title='image "./adversariainaea04wiesgoog_0054.png"; bbox 0 0 2759 5084; ppageno 0'>
   <div class='ocr_carea' id='block_1_1' title="bbox 1379 184 1798 248">
    <p class='ocr_par' dir='ltr' id='par_1_1' title="bbox 1379 184 1798 248">
     <span class='ocr_line' id='line_1_1' title="bbox 1379 184 1798 248; baseline 0 -18"><span class='ocrx_word' id='word_1_1' title='bbox 1379 184 1798 248; x_wconf 75' lang='grc'><strong>..40-</strong></span> 
     </span>
    </p>
   </div>
   <div class='ocr_carea' id='block_1_2' title="bbox 469 353 2718 1147">
    <p class='ocr_par' dir='ltr' id='par_1_2' title="bbox 469 353 2718 1147">
     <span class='ocr_line' id='line_1_2' title="bbox 470 353 2657 444; baseline -0.002 -26"><span class='ocrx_word' id='word_1_2' title='bbox 470 360 687 444; x_wconf 64' lang='lat' dir='ltr'><strong>«parde</strong></span> <span class='ocrx_word' id='word_1_3' title='bbox 743 353 1120 436; x_wconf 85' lang='lat' dir='ltr'><strong>appellatur,</strong></span> <span class='ocrx_word' id='word_1_4' title='bbox 1185 373 1310 416; x_wconf 89' lang='lat' dir='ltr'><strong>non</strong></span> <span class='ocrx_word' id='word_1_5' title='bbox 1365 353 1595 434; x_wconf 80' lang='lat' dir='ltr'><strong>liquet3</strong></span> <span class='ocrx_word' id='word_1_6' title='bbox 1655 354 1767 414; x_wconf 88' lang='lat' dir='ltr'><strong>sed</strong></span> <span class='ocrx_word' id='word_1_7' title='bbox 1829 354 2383 436; x_wconf 79' lang='lat' dir='ltr'><strong>phoenicopterum</strong></span> <span class='ocrx_word' id='word_1_8' title='bbox 2432 353 2657 428; x_wconf 81' lang='lat' dir='ltr'><strong>cristam,</strong></span> 
     </span>
     <span class='ocr_line' id='line_1_3' title="bbox 469 455 2661 538; baseline -0.003 -16"><span class='ocrx_word' id='word_1_9' title='bbox 469 479 596 522; x_wconf 89' lang='lat' dir='ltr'><strong>non</strong></span> <span class='ocrx_word' id='word_1_10' title='bbox 657 459 894 524; x_wconf 80' lang='lat' dir='ltr'><strong>habere</strong></span> <span class='ocrx_word' id='word_1_11' title='bbox 914 505 932 535; x_wconf 92' lang='lat'><strong>,</strong></span> <span class='ocrx_word' id='word_1_12' title='bbox 1001 478 1081 520; x_wconf 91' lang='lat' dir='ltr'><strong>ex</strong></span> <span class='ocrx_word' id='word_1_13' title='bbox 1139 455 1405 518; x_wconf 84' lang='lat' dir='ltr'><strong>naturali</strong></span> <span class='ocrx_word' id='word_1_14' title='bbox 1462 455 1728 519; x_wconf 87' lang='lat' dir='ltr'><strong>historia</strong></span> <span class='ocrx_word' id='word_1_15' title='bbox 1784 463 2044 520; x_wconf 83' lang='lat' dir='ltr'><strong>constat.</strong></span> <span class='ocrx_word' id='word_1_16' title='bbox 2128 459 2262 520; x_wconf 76' lang='lat' dir='ltr'><strong>Iam</strong></span> <span class='ocrx_word' id='word_1_17' title='bbox 2304 476 2454 520; x_wconf 87' lang='lat' dir='ltr'><strong>vero</strong></span> <span class='ocrx_word' id='word_1_18' title='bbox 2468 504 2483 534; x_wconf 94' lang='lat'><strong>,</strong></span> <span class='ocrx_word' id='word_1_19' title='bbox 2526 457 2661 538; x_wconf 83' lang='lat' dir='ltr'><strong>quid,</strong></span> 
     </span>
     <span class='ocr_line' id='line_1_4' title="bbox 471 556 2664 642; baseline -0.003 -18"><span class='ocrx_word' id='word_1_20' title='bbox 471 579 730 624; x_wconf 79' lang='lat' dir='ltr'><strong>caussae</strong></span> <span class='ocrx_word' id='word_1_21' title='bbox 789 580 930 623; x_wconf 88' lang='lat' dir='ltr'><strong>esse</strong></span> <span class='ocrx_word' id='word_1_22' title='bbox 991 560 1222 642; x_wconf 83' lang='lat' dir='ltr'><strong>possit,</strong></span> <span class='ocrx_word' id='word_1_23' title='bbox 1297 579 1409 620; x_wconf 88' lang='lat' dir='ltr'><strong>eur</strong></span> <span class='ocrx_word' id='word_1_24' title='bbox 1463 561 1616 621; x_wconf 88' lang='lat' dir='ltr'><strong>duas</strong></span> <span class='ocrx_word' id='word_1_25' title='bbox 1673 556 1775 620; x_wconf 84' lang='lat' dir='ltr'><strong>vel</strong></span> <span class='ocrx_word' id='word_1_26' title='bbox 1832 565 1957 622; x_wconf 91' lang='lat' dir='ltr'><strong>tres</strong></span> <span class='ocrx_word' id='word_1_27' title='bbox 2014 559 2297 622; x_wconf 85' lang='lat' dir='ltr'><strong>cristatas</strong></span> <span class='ocrx_word' id='word_1_28' title='bbox 2338 561 2664 640; x_wconf 78' lang='lat' dir='ltr'><strong>produxerit</strong></span> 
     </span>
     <span class='ocr_line' id='line_1_5' title="bbox 471 659 2718 746; baseline -0.002 -20"><span class='ocrx_word' id='word_1_29' title='bbox 471 671 659 744; x_wconf 87' lang='lat' dir='ltr'><strong>poeta</strong></span> <span class='ocrx_word' id='word_1_30' title='bbox 679 712 699 739; x_wconf 92' lang='lat'><strong>,</strong></span> <span class='ocrx_word' id='word_1_31' title='bbox 740 664 894 726; x_wconf 88' lang='lat' dir='ltr'><strong>duas</strong></span> <span class='ocrx_word' id='word_1_32' title='bbox 935 663 1037 726; x_wconf 81' lang='lat' dir='ltr'><strong>vel</strong></span> <span class='ocrx_word' id='word_1_33' title='bbox 1079 679 1262 724; x_wconf 87' lang='lat' dir='ltr'><strong>unam</strong></span> <span class='ocrx_word' id='word_1_34' title='bbox 1307 659 1493 724; x_wconf 86' lang='lat' dir='ltr'><strong>crista</strong></span> <span class='ocrx_word' id='word_1_35' title='bbox 1538 667 1838 736; x_wconf 77' lang='lat' dir='ltr'>carentes,</span> <span class='ocrx_word' id='word_1_36' title='bbox 1872 681 2069 743; x_wconf 78' lang='lat' dir='ltr'><strong>quum</strong></span> <span class='ocrx_word' id='word_1_37' title='bbox 2109 682 2225 745; x_wconf 87' lang='lat' dir='ltr'><strong>per</strong></span> <span class='ocrx_word' id='word_1_38' title='bbox 2274 681 2343 724; x_wconf 90' lang='lat' dir='ltr'><strong>se</strong></span> <span class='ocrx_word' id='word_1_39' title='bbox 2384 662 2551 725; x_wconf 86' lang='lat' dir='ltr'><strong>haud</strong></span> <span class='ocrx_word' id='word_1_40' title='bbox 2582 662 2665 722; x_wconf 89' lang='lat' dir='ltr'><strong>in-</strong></span> <span class='ocrx_word' id='word_1_41' title='bbox 2716 717 2718 746; x_wconf 35' lang='lat' dir='ltr'>f</span> 
     </span>
     <span class='ocr_line' id='line_1_6' title="bbox 469 763 2666 847; baseline -0.002 -20"><span class='ocrx_word' id='word_1_42' title='bbox 469 765 775 847; x_wconf 78' lang='lat' dir='ltr'><strong>telligatur</strong></span> <span class='ocrx_word' id='word_1_43' title='bbox 795 813 811 842; x_wconf 93' lang='lat'><strong>,</strong></span> <span class='ocrx_word' id='word_1_44' title='bbox 875 774 1006 828; x_wconf 86' lang='lat' dir='ltr'><strong>tum</strong></span> <span class='ocrx_word' id='word_1_45' title='bbox 1063 786 1144 828; x_wconf 90' lang='lat' dir='ltr'><strong>eo</strong></span> <span class='ocrx_word' id='word_1_46' title='bbox 1199 763 1401 826; x_wconf 86' lang='lat' dir='ltr'><strong>minus</strong></span> <span class='ocrx_word' id='word_1_47' title='bbox 1481 771 1577 825; x_wconf 91' lang='lat' dir='ltr'><strong>est</strong></span> <span class='ocrx_word' id='word_1_48' title='bbox 1630 763 1696 824; x_wconf 88' lang='lat' dir='ltr'><strong>in</strong></span> <span class='ocrx_word' id='word_1_49' title='bbox 1758 763 1970 844; x_wconf 85' lang='lat' dir='ltr'><strong>aprico</strong></span> <span class='ocrx_word' id='word_1_50' title='bbox 2014 765 2285 844; x_wconf 89' lang='lat' dir='ltr'><strong>positum</strong></span> <span class='ocrx_word' id='word_1_51' title='bbox 2308 811 2325 839; x_wconf 94' lang='lat'><strong>,</strong></span> <span class='ocrx_word' id='word_1_52' title='bbox 2380 765 2547 844; x_wconf 90' lang='lat' dir='ltr'><strong>quod</strong></span> <span class='ocrx_word' id='word_1_53' title='bbox 2594 783 2666 836; x_wconf 80' lang='lat' dir='ltr'><strong>ea,</strong></span> 
     </span>
     <span class='ocr_line' id='line_1_7' title="bbox 469 864 2669 952; baseline -0.002 -21"><span class='ocrx_word' id='word_1_54' title='bbox 469 885 630 949; x_wconf 86' lang='lat' dir='ltr'><strong>quae</strong></span> <span class='ocrx_word' id='word_1_55' title='bbox 693 875 864 930; x_wconf 89' lang='lat' dir='ltr'><strong>certo</strong></span> <span class='ocrx_word' id='word_1_56' title='bbox 929 868 1175 952; x_wconf 74' lang='lat' dir='ltr'><strong>cristam</strong></span> <span class='ocrx_word' id='word_1_57' title='bbox 1236 885 1364 928; x_wconf 89' lang='lat' dir='ltr'><strong>non</strong></span> <span class='ocrx_word' id='word_1_58' title='bbox 1408 864 1638 939; x_wconf 86' lang='lat' dir='ltr'><strong>habet,</strong></span> <span class='ocrx_word' id='word_1_59' title='bbox 1706 864 1886 926; x_wconf 87' lang='lat' dir='ltr'><strong>simul</strong></span> <span class='ocrx_word' id='word_1_60' title='bbox 1950 882 2026 928; x_wconf 89' lang='lat' dir='ltr'><strong>ea</strong></span> <span class='ocrx_word' id='word_1_61' title='bbox 2094 873 2221 942; x_wconf 87' lang='lat' dir='ltr'><strong>est,</strong></span> <span class='ocrx_word' id='word_1_62' title='bbox 2284 882 2469 945; x_wconf 89' lang='lat' dir='ltr'><strong>quam</strong></span> <span class='ocrx_word' id='word_1_63' title='bbox 2513 873 2669 944; x_wconf 81' lang='lat' dir='ltr'><strong>poeta</strong></span> 
     </span>
     <span class='ocr_line' id='line_1_8' title="bbox 469 965 2670 1050; baseline -0.001 -19"><span class='ocrx_word' id='word_1_64' title='bbox 469 986 688 1050; x_wconf 81' lang='lat' dir='ltr'><strong>agmen</strong></span> <span class='ocrx_word' id='word_1_65' title='bbox 731 968 876 1030; x_wconf 81' lang='lat' dir='ltr'><strong>fecit</strong></span> <span class='ocrx_word' id='word_1_66' title='bbox 900 968 1278 1043; x_wconf 64' lang='lat' dir='ltr'><strong>«ducentenu</strong></span> <span class='ocrx_word' id='word_1_67' title='bbox 1339 983 1525 1046; x_wconf 82' lang='lat' dir='ltr'><strong>quam</strong></span> <span class='ocrx_word' id='word_1_68' title='bbox 1576 983 1653 1028; x_wconf 90' lang='lat' dir='ltr'><strong>eo</strong></span> <span class='ocrx_word' id='word_1_69' title='bbox 1700 966 1965 1044; x_wconf 88' lang='lat' dir='ltr'><strong>decore,</strong></span> <span class='ocrx_word' id='word_1_70' title='bbox 2028 985 2153 1047; x_wconf 86' lang='lat' dir='ltr'><strong>quo</strong></span> <span class='ocrx_word' id='word_1_71' title='bbox 2198 965 2477 1046; x_wconf 83' lang='lat' dir='ltr'><strong>reliquae</strong></span> <span class='ocrx_word' id='word_1_72' title='bbox 2522 968 2670 1049; x_wconf 84' lang='lat' dir='ltr'><strong>gavi-</strong></span> 
     </span>
     <span class='ocr_line' id='line_1_9' title="bbox 470 1067 2673 1147; baseline -0 -16"><span class='ocrx_word' id='word_1_73' title='bbox 470 1089 579 1133; x_wconf 90' lang='lat' dir='ltr'><strong>sae</strong></span> <span class='ocrx_word' id='word_1_74' title='bbox 645 1070 903 1147; x_wconf 84' lang='lat' dir='ltr'><strong>fuerint,</strong></span> <span class='ocrx_word' id='word_1_75' title='bbox 973 1069 1332 1134; x_wconf 84' lang='lat' dir='ltr'><strong>destitutam</strong></span> <span class='ocrx_word' id='word_1_76' title='bbox 1394 1067 1587 1130; x_wconf 83' lang='lat' dir='ltr'><strong>fuisse</strong></span> <span class='ocrx_word' id='word_1_77' title='bbox 1608 1115 1625 1144; x_wconf 91' lang='lat'><strong>,</strong></span> <span class='ocrx_word' id='word_1_78' title='bbox 1694 1067 1945 1131; x_wconf 89' lang='lat' dir='ltr'><strong>difficile</strong></span> <span class='ocrx_word' id='word_1_79' title='bbox 2012 1077 2111 1134; x_wconf 86' lang='lat' dir='ltr'><strong>est</strong></span> <span class='ocrx_word' id='word_1_80' title='bbox 2164 1070 2247 1133; x_wconf 86' lang='lat' dir='ltr'><strong>ad</strong></span> <span class='ocrx_word' id='word_1_81' title='bbox 2310 1071 2673 1134; x_wconf 86' lang='lat' dir='ltr'><strong>credendum.</strong></span> 
     </span>
    </p>
   </div>
   <div class='ocr_carea' id='block_1_3' title="bbox 2716 432 2718 636">
    <p class='ocr_par' dir='ltr' id='par_1_3' title="bbox 2716 432 2718 636">
     <span class='ocr_line' id='line_1_10' title="bbox 2716 432 2718 636; baseline 0 0"><span class='ocrx_word' id='word_1_82' title='bbox 2716 432 2718 636; x_wconf 95' lang='lat' dir='ltr'><strong> </strong></span> 
     </span>
    </p>
   </div>
   <div class='ocr_carea' id='block_1_4' title="bbox 2718 959 2720 1188">
    <p class='ocr_par' dir='ltr' id='par_1_4' title="bbox 2718 959 2720 1188">
     <span class='ocr_line' id='line_1_11' title="bbox 2718 959 2720 1188; baseline 0 0"><span class='ocrx_word' id='word_1_83' title='bbox 2718 959 2720 1188; x_wconf 95' lang='lat' dir='ltr'><strong> </strong></span> 
     </span>
    </p>
   </div>
   <div class='ocr_carea' id='block_1_5' title="bbox 470 1169 2727 3305">
    <p class='ocr_par' dir='ltr' id='par_1_5' title="bbox 473 1169 2675 1252">
     <span class='ocr_line' id='line_1_12' title="bbox 473 1169 2675 1252; baseline -0 -17"><span class='ocrx_word' id='word_1_84' title='bbox 473 1172 728 1235; x_wconf 80' lang='lat' dir='ltr'><strong>Accedit</strong></span> <span class='ocrx_word' id='word_1_85' title='bbox 767 1173 850 1236; x_wconf 90' lang='lat' dir='ltr'><strong>ad</strong></span> <span class='ocrx_word' id='word_1_86' title='bbox 889 1172 1014 1235; x_wconf 88' lang='lat' dir='ltr'><strong>hoc</strong></span> <span class='ocrx_word' id='word_1_87' title='bbox 1035 1219 1052 1248; x_wconf 97' lang='lat'><strong>,</strong></span> <span class='ocrx_word' id='word_1_88' title='bbox 1096 1171 1288 1252; x_wconf 90' lang='lat' dir='ltr'><strong>quod,</strong></span> <span class='ocrx_word' id='word_1_89' title='bbox 1331 1170 1562 1252; x_wconf 85' lang='lat' dir='ltr'><strong>opinor</strong></span> <span class='ocrx_word' id='word_1_90' title='bbox 1580 1217 1599 1246; x_wconf 88' lang='lat'>‚</span> <span class='ocrx_word' id='word_1_91' title='bbox 1642 1169 1839 1251; x_wconf 86' lang='lat' dir='ltr'><strong>quivis</strong></span> <span class='ocrx_word' id='word_1_92' title='bbox 1876 1191 2034 1234; x_wconf 86' lang='lat' dir='ltr'><strong>unus</strong></span> <span class='ocrx_word' id='word_1_93' title='bbox 2054 1219 2071 1247; x_wconf 93' lang='lat'><strong>,</strong></span> <span class='ocrx_word' id='word_1_94' title='bbox 2115 1171 2221 1252; x_wconf 89' lang='lat' dir='ltr'><strong>qui</strong></span> <span class='ocrx_word' id='word_1_95' title='bbox 2264 1174 2371 1235; x_wconf 86' lang='lat' dir='ltr'><strong>Vs.</strong></span> <span class='ocrx_word' id='word_1_96' title='bbox 2418 1173 2539 1236; x_wconf 81' lang='lat'><strong>291</strong></span> <span class='ocrx_word' id='word_1_97' title='bbox 2582 1192 2675 1236; x_wconf 80' lang='lat' dir='ltr'><strong>ac-</strong></span> 
     </span>
    </p>

    <p class='ocr_par' dir='ltr' id='par_1_6' title="bbox 471 1271 2720 1456">
     <span class='ocr_line' id='line_1_13' title="bbox 471 1271 2720 1354; baseline -0.001 -18"><span class='ocrx_word' id='word_1_98' title='bbox 471 1274 740 1338; x_wconf 78' lang='lat' dir='ltr'><strong>curatius</strong></span> <span class='ocrx_word' id='word_1_99' title='bbox 783 1273 1152 1353; x_wconf 79' lang='lat' dir='ltr'><strong>inspexerit,</strong></span> <span class='ocrx_word' id='word_1_100' title='bbox 1217 1271 1371 1336; x_wconf 85' lang='lat' dir='ltr'><strong>mihi</strong></span> <span class='ocrx_word' id='word_1_101' title='bbox 1414 1271 1727 1354; x_wconf 75' lang='lat' dir='ltr'><strong>largietur,</strong></span> <span class='ocrx_word' id='word_1_102' title='bbox 1768 1281 2023 1353; x_wconf 88' lang='lat' dir='ltr'><strong>poetam</strong></span> <span class='ocrx_word' id='word_1_103' title='bbox 2080 1272 2171 1334; x_wconf 88' lang='lat' dir='ltr'><strong>ita</strong></span> <span class='ocrx_word' id='word_1_104' title='bbox 2220 1273 2345 1336; x_wconf 89' lang='lat' dir='ltr'><strong>hoc</strong></span> <span class='ocrx_word' id='word_1_105' title='bbox 2407 1275 2554 1338; x_wconf 93' lang='lat' dir='ltr'><strong>loco</strong></span> <span class='ocrx_word' id='word_1_106' title='bbox 2594 1275 2675 1334; x_wconf 79' lang='lat' dir='ltr'><strong>di·</strong></span> <span class='ocrx_word' id='word_1_107' title='bbox 2718 1273 2720 1282; x_wconf 89' lang='lat'>&#39;</span> 
     </span>
     <span class='ocr_line' id='line_1_14' title="bbox 471 1368 2677 1456; baseline -0.001 -18"><span class='ocrx_word' id='word_1_108' title='bbox 471 1382 710 1440; x_wconf 88' lang='lat' dir='ltr'><strong>centem</strong></span> <span class='ocrx_word' id='word_1_109' title='bbox 751 1373 961 1436; x_wconf 81' lang='lat' dir='ltr'><strong>facere</strong></span> <span class='ocrx_word' id='word_1_110' title='bbox 1017 1373 1466 1438; x_wconf 83' lang='lat' dir='ltr'><strong>Pisthetaerum</strong></span> <span class='ocrx_word' id='word_1_111' title='bbox 1483 1421 1499 1450; x_wconf 91' lang='lat'><strong>,</strong></span> <span class='ocrx_word' id='word_1_112' title='bbox 1544 1373 1649 1436; x_wconf 88' lang='lat' dir='ltr'><strong>hic</strong></span> <span class='ocrx_word' id='word_1_113' title='bbox 1692 1380 1760 1436; x_wconf 88' lang='lat' dir='ltr'><strong>ut</strong></span> <span class='ocrx_word' id='word_1_114' title='bbox 1798 1368 2085 1456; x_wconf 85' lang='grc' dir='ltr'><strong><em>λόφωοιν</em></strong></span> <span class='ocrx_word' id='word_1_115' title='bbox 2123 1374 2191 1436; x_wconf 90' lang='lat' dir='ltr'><strong>in</strong></span> <span class='ocrx_word' id='word_1_116' title='bbox 2234 1375 2523 1440; x_wconf 89' lang='lat' dir='ltr'><strong>omnibus</strong></span> <span class='ocrx_word' id='word_1_117' title='bbox 2564 1375 2677 1438; x_wconf 85' lang='lat' dir='ltr'><strong>avi-</strong></span> 
     </span>
    </p>

    <p class='ocr_par' dir='ltr' id='par_1_7' title="bbox 470 1454 2722 1870">
     <span class='ocr_line' id='line_1_15' title="bbox 470 1454 2722 1606; baseline -0.003 -64"><span class='ocrx_word' id='word_1_118' title='bbox 470 1481 586 1544; x_wconf 87' lang='lat' dir='ltr'><strong>bus</strong></span> <span class='ocrx_word' id='word_1_119' title='bbox 653 1478 1136 1560; x_wconf 81' lang='lat' dir='ltr'><strong>deprehendisse</strong></span> <span class='ocrx_word' id='word_1_120' title='bbox 1199 1477 1397 1540; x_wconf 86' lang='lat' dir='ltr'><strong>videri</strong></span> <span class='ocrx_word' id='word_1_121' title='bbox 1460 1477 1703 1540; x_wconf 87' lang='lat' dir='ltr'><strong>debeat.</strong></span> <span class='ocrx_word' id='word_1_122' title='bbox 1809 1476 2211 1558; x_wconf 81' lang='lat' dir='ltr'><strong>Inspiciamus</strong></span> <span class='ocrx_word' id='word_1_123' title='bbox 2266 1454 2453 1559; x_wconf 70' lang='lat' dir='ltr'><strong>igitur</strong></span> <span class='ocrx_word' id='word_1_124' title='bbox 2518 1477 2678 1542; x_wconf 83' lang='lat' dir='ltr'><strong>verba</strong></span> <span class='ocrx_word' id='word_1_125' title='bbox 2720 1489 2722 1606; x_wconf 51' lang='lat' dir='ltr'><em>A</em></span> 
     </span>
     <span class='ocr_line' id='line_1_16' title="bbox 475 1577 2683 1666; baseline -0.002 -20"><span class='ocrx_word' id='word_1_126' title='bbox 475 1591 704 1666; x_wconf 87' lang='lat' dir='ltr'><strong>poetae</strong></span> <span class='ocrx_word' id='word_1_127' title='bbox 747 1583 870 1644; x_wconf 88' lang='lat' dir='ltr'><strong>huc</strong></span> <span class='ocrx_word' id='word_1_128' title='bbox 930 1578 1297 1661; x_wconf 75' lang='lat' dir='ltr'><strong>pertinentia</strong></span> <span class='ocrx_word' id='word_1_129' title='bbox 1358 1577 1551 1660; x_wconf 86' lang='lat' dir='ltr'><strong>paulo</strong></span> <span class='ocrx_word' id='word_1_130' title='bbox 1614 1581 1991 1656; x_wconf 80' lang='lat' dir='ltr'><strong>accuratius,</strong></span> <span class='ocrx_word' id='word_1_131' title='bbox 2050 1590 2119 1643; x_wconf 89' lang='lat' dir='ltr'><strong>ut</strong></span> <span class='ocrx_word' id='word_1_132' title='bbox 2158 1580 2509 1659; x_wconf 82' lang='lat' dir='ltr'><strong>videamus,</strong></span> <span class='ocrx_word' id='word_1_133' title='bbox 2560 1579 2683 1663; x_wconf 86' lang='lat' dir='ltr'><strong>quid</strong></span> 
     </span>
     <span class='ocr_line' id='line_1_17' title="bbox 471 1665 2722 1766; baseline -0.003 -16"><span class='ocrx_word' id='word_1_134' title='bbox 471 1689 592 1751; x_wconf 86' lang='lat' dir='ltr'><strong>sibi</strong></span> <span class='ocrx_word' id='word_1_135' title='bbox 631 1685 782 1750; x_wconf 87' lang='lat' dir='ltr'><strong>velit</strong></span> <span class='ocrx_word' id='word_1_136' title='bbox 821 1682 1194 1748; x_wconf 82' lang='lat' dir='ltr'><strong>vocabulum</strong></span> <span class='ocrx_word' id='word_1_137' title='bbox 1233 1679 1528 1766; x_wconf 77' lang='grc' dir='ltr'><strong><em>λόφωσις.</em></strong></span> <span class='ocrx_word' id='word_1_138' title='bbox 1616 1685 1695 1744; x_wconf 89' lang='lat' dir='ltr'><strong>Et</strong></span> <span class='ocrx_word' id='word_1_139' title='bbox 1732 1683 1868 1765; x_wconf 90' lang='lat' dir='ltr'><strong>ipse</strong></span> <span class='ocrx_word' id='word_1_140' title='bbox 1906 1684 2015 1746; x_wconf 89' lang='lat' dir='ltr'><strong>ille</strong></span> <span class='ocrx_word' id='word_1_141' title='bbox 2052 1683 2252 1762; x_wconf 88' lang='lat' dir='ltr'><strong>locus,</strong></span> <span class='ocrx_word' id='word_1_142' title='bbox 2293 1685 2401 1748; x_wconf 87' lang='lat' dir='ltr'><strong>uhi</strong></span> <span class='ocrx_word' id='word_1_143' title='bbox 2444 1692 2545 1746; x_wconf 88' lang='lat' dir='ltr'><strong>est</strong></span> <span class='ocrx_word' id='word_1_144' title='bbox 2578 1701 2683 1763; x_wconf 88' lang='lat' dir='ltr'><strong>po·-</strong></span> <span class='ocrx_word' id='word_1_145' title='bbox 2720 1665 2722 1696; x_wconf 75' lang='lat'><em>³</em></span> 
     </span>
     <span class='ocr_line' id='line_1_18' title="bbox 473 1783 2684 1870; baseline -0.003 -18"><span class='ocrx_word' id='word_1_146' title='bbox 473 1792 691 1864; x_wconf 89' lang='lat' dir='ltr'><strong>situm,</strong></span> <span class='ocrx_word' id='word_1_147' title='bbox 731 1789 976 1852; x_wconf 81' lang='lat' dir='ltr'><strong>videtur</strong></span> <span class='ocrx_word' id='word_1_148' title='bbox 1017 1804 1168 1849; x_wconf 87' lang='lat' dir='ltr'><strong>sane</strong></span> <span class='ocrx_word' id='word_1_149' title='bbox 1210 1787 1413 1867; x_wconf 92' lang='lat' dir='ltr'><strong>primo</strong></span> <span class='ocrx_word' id='word_1_150' title='bbox 1462 1787 1682 1850; x_wconf 90' lang='lat' dir='ltr'><strong>obtutu</strong></span> <span class='ocrx_word' id='word_1_151' title='bbox 1724 1787 2071 1868; x_wconf 86' lang='lat' dir='ltr'><strong>postulare,</strong></span> <span class='ocrx_word' id='word_1_152' title='bbox 2115 1795 2183 1851; x_wconf 87' lang='lat' dir='ltr'><strong>ut</strong></span> <span class='ocrx_word' id='word_1_153' title='bbox 2224 1783 2467 1870; x_wconf 74' lang='grc' dir='ltr'><strong><em>λόφους</em></strong></span> <span class='ocrx_word' id='word_1_154' title='bbox 2509 1787 2684 1848; x_wconf 86' lang='lat' dir='ltr'><strong>inter-</strong></span> 
     </span>
    </p>

    <p class='ocr_par' dir='ltr' id='par_1_8' title="bbox 473 1888 2682 1975">
     <span class='ocr_line' id='line_1_19' title="bbox 473 1888 2682 1975; baseline -0.003 -21"><span class='ocrx_word' id='word_1_155' title='bbox 473 1900 785 1975; x_wconf 87' lang='lat' dir='ltr'><strong>pretemur</strong></span> <span class='ocrx_word' id='word_1_156' title='bbox 826 1890 1061 1952; x_wconf 84' lang='lat' dir='ltr'><strong>cristaS.</strong></span> <span class='ocrx_word' id='word_1_157' title='bbox 1148 1888 1338 1962; x_wconf 86' lang='lat' dir='ltr'><strong>Quod</strong></span> <span class='ocrx_word' id='word_1_158' title='bbox 1381 1889 1547 1950; x_wconf 88' lang='lat' dir='ltr'><strong>enim</strong></span> <span class='ocrx_word' id='word_1_159' title='bbox 1586 1889 2003 1962; x_wconf 85' lang='lat' dir='ltr'><strong>Pisthetaerus</strong></span> <span class='ocrx_word' id='word_1_160' title='bbox 2042 1890 2413 1972; x_wconf 77' lang='lat' dir='ltr'><strong>interrogat,</strong></span> <span class='ocrx_word' id='word_1_161' title='bbox 2478 1907 2682 1954; x_wconf 83' lang='lat' dir='ltr'><strong>avesne</strong></span> 
     </span>
    </p>

    <p class='ocr_par' dir='ltr' id='par_1_9' title="bbox 477 1991 2727 3305">
     <span class='ocr_line' id='line_1_20' title="bbox 477 1991 2725 2074; baseline -0.002 -17"><span class='ocrx_word' id='word_1_162' title='bbox 477 1996 562 2057; x_wconf 85' lang='lat' dir='ltr'><strong>ad</strong></span> <span class='ocrx_word' id='word_1_163' title='bbox 603 1995 878 2056; x_wconf 88' lang='lat' dir='ltr'><strong>diaulum</strong></span> <span class='ocrx_word' id='word_1_164' title='bbox 939 1992 1254 2067; x_wconf 85' lang='lat' dir='ltr'><strong>venerint,</strong></span> <span class='ocrx_word' id='word_1_165' title='bbox 1322 2011 1403 2052; x_wconf 83' lang='lat' dir='ltr'><strong>ex</strong></span> <span class='ocrx_word' id='word_1_166' title='bbox 1443 1998 1621 2071; x_wconf 86' lang='lat' dir='ltr'><strong>parte</strong></span> <span class='ocrx_word' id='word_1_167' title='bbox 1687 1992 1833 2056; x_wconf 90' lang='lat' dir='ltr'><strong>inde</strong></span> <span class='ocrx_word' id='word_1_168' title='bbox 1877 1993 2175 2074; x_wconf 88' lang='lat' dir='ltr'><strong>explicari</strong></span> <span class='ocrx_word' id='word_1_169' title='bbox 2239 2001 2480 2074; x_wconf 89' lang='lat' dir='ltr'><strong>potest,</strong></span> <span class='ocrx_word' id='word_1_170' title='bbox 2540 1991 2725 2074; x_wconf 64' lang='lat' dir='ltr'><strong>quod:</strong></span> 
     </span>
     <span class='ocr_line' id='line_1_21' title="bbox 481 2093 2689 2176; baseline -0.005 -14"><span class='ocrx_word' id='word_1_171' title='bbox 481 2101 756 2162; x_wconf 88' lang='lat' dir='ltr'><strong>Graecos</strong></span> <span class='ocrx_word' id='word_1_172' title='bbox 803 2095 990 2158; x_wconf 85' lang='lat' dir='ltr'><strong>etiam</strong></span> <span class='ocrx_word' id='word_1_173' title='bbox 1032 2093 1202 2176; x_wconf 83' lang='lat' dir='ltr'><strong>gravi</strong></span> <span class='ocrx_word' id='word_1_174' title='bbox 1248 2100 1591 2169; x_wconf 84' lang='lat' dir='ltr'><strong>armatura,</strong></span> <span class='ocrx_word' id='word_1_175' title='bbox 1632 2094 1819 2176; x_wconf 78' lang='lat' dir='ltr'><strong>igitur</strong></span> <span class='ocrx_word' id='word_1_176' title='bbox 1860 2095 2047 2158; x_wconf 87' lang='lat' dir='ltr'><strong>etiam</strong></span> <span class='ocrx_word' id='word_1_177' title='bbox 2090 2094 2289 2158; x_wconf 85' lang='lat' dir='ltr'><strong>cristis</strong></span> <span class='ocrx_word' id='word_1_178' title='bbox 2309 2142 2326 2171; x_wconf 91' lang='lat'>‚</span> <span class='ocrx_word' id='word_1_179' title='bbox 2376 2095 2689 2160; x_wconf 86' lang='lat' dir='ltr'><strong>instructos</strong></span> 
     </span>
     <span class='ocr_line' id='line_1_22' title="bbox 479 2192 2692 2279; baseline -0.003 -17"><span class='ocrx_word' id='word_1_180' title='bbox 479 2200 706 2262; x_wconf 89' lang='lat' dir='ltr'><strong>scimus</strong></span> <span class='ocrx_word' id='word_1_181' title='bbox 749 2217 933 2260; x_wconf 90' lang='lat' dir='ltr'><strong>cursu</strong></span> <span class='ocrx_word' id='word_1_182' title='bbox 977 2202 1250 2258; x_wconf 78' lang='lat' dir='ltr'><strong>certasse</strong></span> <span class='ocrx_word' id='word_1_183' title='bbox 1291 2192 1356 2277; x_wconf 90' lang='lat'><strong>*).</strong></span> <span class='ocrx_word' id='word_1_184' title='bbox 1442 2195 1568 2258; x_wconf 89' lang='lat' dir='ltr'><strong>Sed</strong></span> <span class='ocrx_word' id='word_1_185' title='bbox 1604 2197 1735 2279; x_wconf 87' lang='lat' dir='ltr'><strong>jam</strong></span> <span class='ocrx_word' id='word_1_186' title='bbox 1778 2215 1855 2258; x_wconf 89' lang='lat' dir='ltr'><strong>ea</strong></span> <span class='ocrx_word' id='word_1_187' title='bbox 1875 2244 1891 2273; x_wconf 93' lang='lat'><strong>,</strong></span> <span class='ocrx_word' id='word_1_188' title='bbox 1936 2215 2097 2278; x_wconf 88' lang='lat' dir='ltr'><strong>quae</strong></span> <span class='ocrx_word' id='word_1_189' title='bbox 2138 2198 2595 2278; x_wconf 84' lang='lat' dir='ltr'><strong>respondentur</strong></span> <span class='ocrx_word' id='word_1_190' title='bbox 2628 2195 2692 2256; x_wconf 77' lang='lat' dir='ltr'><strong>ab</strong></span> 
     </span>
     <span class='ocr_line' id='line_1_23' title="bbox 479 2295 2692 2384; baseline -0.002 -18"><span class='ocrx_word' id='word_1_191' title='bbox 479 2303 715 2383; x_wconf 87' lang='lat' dir='ltr'><strong>Upupa,</strong></span> <span class='ocrx_word' id='word_1_192' title='bbox 759 2299 938 2365; x_wconf 86' lang='lat' dir='ltr'><strong>alteri</strong></span> <span class='ocrx_word' id='word_1_193' title='bbox 983 2297 1229 2360; x_wconf 86' lang='lat' dir='ltr'><strong>cuidam</strong></span> <span class='ocrx_word' id='word_1_194' title='bbox 1269 2297 1564 2360; x_wconf 82' lang='lat' dir='ltr'><strong>vocabuli</strong></span> <span class='ocrx_word' id='word_1_195' title='bbox 1605 2295 1883 2382; x_wconf 77' lang='grc' dir='ltr'><strong><em>λόφωσις</em></strong></span> <span class='ocrx_word' id='word_1_196' title='bbox 1923 2300 2327 2382; x_wconf 90' lang='lat' dir='ltr'><strong>explicationi</strong></span> <span class='ocrx_word' id='word_1_197' title='bbox 2368 2303 2565 2384; x_wconf 83' lang='lat' dir='ltr'><strong>magis</strong></span> <span class='ocrx_word' id='word_1_198' title='bbox 2606 2301 2692 2362; x_wconf 83' lang='lat' dir='ltr'><strong>fa-</strong></span> 
     </span>
     <span class='ocr_line' id='line_1_24' title="bbox 477 2398 2693 2487; baseline 0 -22"><span class='ocrx_word' id='word_1_199' title='bbox 477 2410 654 2480; x_wconf 84' lang='lat' dir='ltr'><strong>vent,</strong></span> <span class='ocrx_word' id='word_1_200' title='bbox 718 2420 905 2483; x_wconf 84' lang='lat' dir='ltr'><strong>quam</strong></span> <span class='ocrx_word' id='word_1_201' title='bbox 965 2401 1077 2462; x_wconf 89' lang='lat' dir='ltr'><strong>illi.</strong></span> <span class='ocrx_word' id='word_1_202' title='bbox 1159 2401 1334 2464; x_wconf 87' lang='lat' dir='ltr'><strong>Haec</strong></span> <span class='ocrx_word' id='word_1_203' title='bbox 1396 2400 1558 2464; x_wconf 90' lang='lat' dir='ltr'><strong>enim</strong></span> <span class='ocrx_word' id='word_1_204' title='bbox 1601 2404 1772 2483; x_wconf 86' lang='lat' dir='ltr'><strong>quod</strong></span> <span class='ocrx_word' id='word_1_205' title='bbox 1830 2403 2013 2467; x_wconf 84' lang='lat' dir='ltr'><strong>dicit:</strong></span> <span class='ocrx_word' id='word_1_206' title='bbox 2072 2422 2260 2482; x_wconf 84' lang='lat' dir='ltr'><strong>„aves</strong></span> <span class='ocrx_word' id='word_1_207' title='bbox 2318 2405 2429 2471; x_wconf 77' lang='grc' dir='ltr'><strong>ἐπὶ</strong></span> <span class='ocrx_word' id='word_1_208' title='bbox 2494 2398 2693 2487; x_wconf 73' lang='grc' dir='ltr'><strong><em>λόφων</em></strong></span> 
     </span>
     <span class='ocr_line' id='line_1_25' title="bbox 479 2501 2695 2589; baseline -0.006 -12"><span class='ocrx_word' id='word_1_209' title='bbox 479 2508 808 2583; x_wconf 65' lang='grc' dir='ltr'><strong><em>οἰκοῦσιν,</em></strong></span> <span class='ocrx_word' id='word_1_210' title='bbox 852 2514 920 2568; x_wconf 92' lang='lat' dir='ltr'><strong>ut</strong></span> <span class='ocrx_word' id='word_1_211' title='bbox 959 2505 1210 2582; x_wconf 86' lang='lat' dir='ltr'><strong>Cares»,</strong></span> <span class='ocrx_word' id='word_1_212' title='bbox 1252 2505 1495 2568; x_wconf 87' lang='lat' dir='ltr'><strong>facilius</strong></span> <span class='ocrx_word' id='word_1_213' title='bbox 1539 2506 1627 2570; x_wconf 89' lang='lat' dir='ltr'><strong>ita</strong></span> <span class='ocrx_word' id='word_1_214' title='bbox 1670 2507 2045 2589; x_wconf 85' lang='lat' dir='ltr'><strong>explicatur:</strong></span> <span class='ocrx_word' id='word_1_215' title='bbox 2113 2507 2226 2571; x_wconf 77' lang='lat' dir='ltr'><strong>«in</strong></span> <span class='ocrx_word' id='word_1_216' title='bbox 2268 2501 2540 2572; x_wconf 75' lang='lat' dir='ltr'><strong>collibus</strong></span> <span class='ocrx_word' id='word_1_217' title='bbox 2584 2502 2695 2566; x_wconf 80' lang='lat' dir='ltr'><strong>ha-</strong></span> 
     </span>
     <span class='ocr_line' id='line_1_26' title="bbox 483 2608 2698 2689; baseline -0.004 -14"><span class='ocrx_word' id='word_1_218' title='bbox 483 2608 756 2685; x_wconf 73' lang='lat' dir='ltr'><strong>bitant»,</strong></span> <span class='ocrx_word' id='word_1_219' title='bbox 799 2626 984 2687; x_wconf 87' lang='lat' dir='ltr'><strong>quam</strong></span> <span class='ocrx_word' id='word_1_220' title='bbox 1027 2608 1142 2670; x_wconf 86' lang='lat' dir='ltr'><strong>ita:</strong></span> <span class='ocrx_word' id='word_1_221' title='bbox 1193 2610 1447 2670; x_wconf 75' lang='lat' dir='ltr'><strong>«cristis</strong></span> <span class='ocrx_word' id='word_1_222' title='bbox 1478 2609 1840 2672; x_wconf 73' lang='lat' dir='ltr'><strong>instructae</strong></span> <span class='ocrx_word' id='word_1_223' title='bbox 1884 2616 2102 2684; x_wconf 77' lang='lat' dir='ltr'><strong>sunt»,</strong></span> <span class='ocrx_word' id='word_1_224' title='bbox 2146 2627 2516 2689; x_wconf 85' lang='lat' dir='ltr'><strong>quamquam</strong></span> <span class='ocrx_word' id='word_1_225' title='bbox 2552 2625 2698 2668; x_wconf 82' lang='lat' dir='ltr'><strong>con-</strong></span> 
     </span>
     <span class='ocr_line' id='line_1_27' title="bbox 482 2707 2703 2789; baseline -0.003 -15"><span class='ocrx_word' id='word_1_226' title='bbox 482 2711 824 2776; x_wconf 89' lang='lat' dir='ltr'><strong>cedendum</strong></span> <span class='ocrx_word' id='word_1_227' title='bbox 869 2718 993 2785; x_wconf 90' lang='lat' dir='ltr'><strong>est,</strong></span> <span class='ocrx_word' id='word_1_228' title='bbox 1060 2716 1386 2789; x_wconf 85' lang='lat' dir='ltr'><strong>utrumque</strong></span> <span class='ocrx_word' id='word_1_229' title='bbox 1429 2709 1639 2771; x_wconf 84' lang='lat' dir='ltr'><strong>valere</strong></span> <span class='ocrx_word' id='word_1_230' title='bbox 1684 2710 1763 2770; x_wconf 90' lang='lat' dir='ltr'><strong>de</strong></span> <span class='ocrx_word' id='word_1_231' title='bbox 1807 2709 2093 2783; x_wconf 76' lang='lat' dir='ltr'><strong>CaribuS,</strong></span> <span class='ocrx_word' id='word_1_232' title='bbox 2156 2709 2278 2770; x_wconf 87' lang='lat' dir='ltr'><strong>vid.</strong></span> <span class='ocrx_word' id='word_1_233' title='bbox 2320 2707 2629 2770; x_wconf 88' lang='lat' dir='ltr'><strong>Herodot.</strong></span> <span class='ocrx_word' id='word_1_234' title='bbox 2670 2707 2703 2778; x_wconf 74' lang='lat'><strong>1,</strong></span> 
     </span>
     <span class='ocr_line' id='line_1_28' title="bbox 487 2809 2726 2894; baseline -0.003 -18"><span class='ocrx_word' id='word_1_235' title='bbox 487 2816 642 2889; x_wconf 86' lang='lat'><strong>171,</strong></span> <span class='ocrx_word' id='word_1_236' title='bbox 713 2813 916 2875; x_wconf 87' lang='lat' dir='ltr'><strong>Strah.</strong></span> <span class='ocrx_word' id='word_1_237' title='bbox 955 2811 1117 2887; x_wconf 86' lang='lat' dir='ltr'><strong>XIV,</strong></span> <span class='ocrx_word' id='word_1_238' title='bbox 1158 2831 1222 2892; x_wconf 89' lang='lat' dir='ltr'><strong>p.</strong></span> <span class='ocrx_word' id='word_1_239' title='bbox 1269 2811 1391 2874; x_wconf 85' lang='lat'><strong>661</strong></span> <span class='ocrx_word' id='word_1_240' title='bbox 1423 2860 1439 2888; x_wconf 94' lang='lat'><strong>,</strong></span> <span class='ocrx_word' id='word_1_241' title='bbox 1500 2809 1701 2874; x_wconf 83' lang='lat' dir='ltr'><strong>schol.</strong></span> <span class='ocrx_word' id='word_1_242' title='bbox 1768 2811 1849 2873; x_wconf 91' lang='lat' dir='ltr'><strong>ad</strong></span> <span class='ocrx_word' id='word_1_243' title='bbox 1907 2811 2185 2894; x_wconf 81' lang='lat' dir='ltr'><strong>Thucyd.</strong></span> <span class='ocrx_word' id='word_1_244' title='bbox 2227 2812 2273 2888; x_wconf 89' lang='lat'><strong>1,</strong></span> <span class='ocrx_word' id='word_1_245' title='bbox 2334 2811 2393 2874; x_wconf 84' lang='grc'><strong>8.</strong></span> <span class='ocrx_word' id='word_1_246' title='bbox 2476 2810 2726 2870; x_wconf 41' lang='lat' dir='ltr'><strong>Rursus*</strong></span> 
     </span>
     <span class='ocr_line' id='line_1_29' title="bbox 481 2897 2727 2996; baseline -0.002 -21"><span class='ocrx_word' id='word_1_247' title='bbox 481 2913 648 2978; x_wconf 88' lang='lat' dir='ltr'><strong>istud</strong></span> <span class='ocrx_word' id='word_1_248' title='bbox 691 2914 942 2996; x_wconf 89' lang='lat' dir='ltr'><strong>quidem</strong></span> <span class='ocrx_word' id='word_1_249' title='bbox 993 2909 1290 2993; x_wconf 72' lang='grc' dir='ltr'><strong><em>ἀπέβαλε</em></strong></span> <span class='ocrx_word' id='word_1_250' title='bbox 1331 2905 1453 2980; x_wconf 75' lang='grc' dir='ltr'><strong>τόν</strong></span> <span class='ocrx_word' id='word_1_251' title='bbox 1494 2909 1739 2996; x_wconf 83' lang='grc' dir='ltr'><strong><em>λόφον,</em></strong></span> <span class='ocrx_word' id='word_1_252' title='bbox 1794 2914 1965 2995; x_wconf 89' lang='lat' dir='ltr'><strong>quod</strong></span> <span class='ocrx_word' id='word_1_253' title='bbox 2008 2920 2103 2976; x_wconf 88' lang='lat' dir='ltr'><strong>est</strong></span> <span class='ocrx_word' id='word_1_254' title='bbox 2144 2914 2247 2976; x_wconf 90' lang='lat' dir='ltr'><strong>Vs.</strong></span> <span class='ocrx_word' id='word_1_255' title='bbox 2292 2915 2445 2990; x_wconf 79' lang='lat'><strong>290,</strong></span> <span class='ocrx_word' id='word_1_256' title='bbox 2501 2897 2727 2992; x_wconf 82' lang='lat' dir='ltr'><strong>potius&#39;</strong></span> 
     </span>
     <span class='ocr_line' id='line_1_30' title="bbox 487 3013 2698 3098; baseline -0.002 -18"><span class='ocrx_word' id='word_1_257' title='bbox 487 3037 564 3080; x_wconf 92' lang='lat' dir='ltr'><strong>eo</strong></span> <span class='ocrx_word' id='word_1_258' title='bbox 611 3018 836 3080; x_wconf 87' lang='lat' dir='ltr'><strong>ducere</strong></span> <span class='ocrx_word' id='word_1_259' title='bbox 884 3015 1113 3077; x_wconf 83' lang='lat' dir='ltr'><strong>dehere</strong></span> <span class='ocrx_word' id='word_1_260' title='bbox 1180 3014 1446 3091; x_wconf 78' lang='lat' dir='ltr'><strong>videtur,</strong></span> <span class='ocrx_word' id='word_1_261' title='bbox 1510 3023 1581 3078; x_wconf 94' lang='lat' dir='ltr'><strong>ut</strong></span> <span class='ocrx_word' id='word_1_262' title='bbox 1642 3016 1721 3078; x_wconf 87' lang='lat' dir='ltr'><strong>de</strong></span> <span class='ocrx_word' id='word_1_263' title='bbox 1787 3015 1975 3079; x_wconf 89' lang='lat' dir='ltr'><strong>crista</strong></span> <span class='ocrx_word' id='word_1_264' title='bbox 2018 3017 2395 3098; x_wconf 81' lang='lat' dir='ltr'><strong>cogitemuS,</strong></span> <span class='ocrx_word' id='word_1_265' title='bbox 2459 3016 2577 3080; x_wconf 88' lang='lat' dir='ltr'><strong>sed</strong></span> <span class='ocrx_word' id='word_1_266' title='bbox 2632 3013 2698 3084; x_wconf 89' lang='lat' dir='ltr'><strong>id,</strong></span> 
     </span>
     <span class='ocr_line' id='line_1_31' title="bbox 484 3111 2699 3201; baseline -0.001 -18"><span class='ocrx_word' id='word_1_267' title='bbox 484 3120 656 3201; x_wconf 86' lang='lat' dir='ltr'><strong>quod</strong></span> <span class='ocrx_word' id='word_1_268' title='bbox 698 3122 802 3183; x_wconf 87' lang='lat' dir='ltr'><strong>Vs.</strong></span> <span class='ocrx_word' id='word_1_269' title='bbox 835 3119 957 3180; x_wconf 79' lang='lat'><strong>279</strong></span> <span class='ocrx_word' id='word_1_270' title='bbox 1002 3117 1199 3180; x_wconf 86' lang='lat' dir='ltr'><strong>altera</strong></span> <span class='ocrx_word' id='word_1_271' title='bbox 1241 3136 1452 3200; x_wconf 86' lang='lat' dir='ltr'><strong>upupa</strong></span> <span class='ocrx_word' id='word_1_272' title='bbox 1507 3119 1729 3182; x_wconf 88' lang='lat' dir='ltr'><strong>dicitur</strong></span> <span class='ocrx_word' id='word_1_273' title='bbox 1770 3124 1991 3201; x_wconf 59' lang='lat' dir='ltr'><strong>{it-socc</strong></span> <span class='ocrx_word' id='word_1_274' title='bbox 2036 3111 2125 3186; x_wconf 81' lang='grc' dir='ltr'><strong>αὖ</strong></span> <span class='ocrx_word' id='word_1_275' title='bbox 2180 3116 2389 3201; x_wconf 89' lang='grc' dir='ltr'><strong><em>λόφον</em></strong></span> <span class='ocrx_word' id='word_1_276' title='bbox 2446 3141 2699 3184; x_wconf 76' lang='grc' dir='ltr'><strong><em>κατει-</em></strong></span> 
     </span>
     <span class='ocr_line' id='line_1_32' title="bbox 487 3216 2697 3305; baseline -0.005 -19"><span class='ocrx_word' id='word_1_277' title='bbox 487 3219 760 3305; x_wconf 79' lang='grc' dir='ltr'><strong><em>ληφώς</em></strong></span> <span class='ocrx_word' id='word_1_278' title='bbox 822 3242 924 3293; x_wconf 75' lang='grc' dir='ltr'><strong>τις</strong></span> <span class='ocrx_word' id='word_1_279' title='bbox 964 3216 1140 3302; x_wconf 80' lang='grc' dir='ltr'><strong><em>ὅρνις</em></strong></span> <span class='ocrx_word' id='word_1_280' title='bbox 1163 3267 1180 3295; x_wconf 94' lang='grc'><em>,</em></span> <span class='ocrx_word' id='word_1_281' title='bbox 1249 3239 1356 3296; x_wconf 89' lang='lat' dir='ltr'><strong>eo,</strong></span> <span class='ocrx_word' id='word_1_282' title='bbox 1416 3226 1484 3280; x_wconf 90' lang='lat' dir='ltr'><strong>ut</strong></span> <span class='ocrx_word' id='word_1_283' title='bbox 1541 3216 1751 3303; x_wconf 72' lang='grc' dir='ltr'><strong><em>λόφον</em></strong></span> <span class='ocrx_word' id='word_1_284' title='bbox 1806 3217 2033 3282; x_wconf 80' lang='lat' dir='ltr'><strong>collem</strong></span> <span class='ocrx_word' id='word_1_285' title='bbox 2102 3219 2535 3302; x_wconf 79' lang='lat' dir='ltr'><strong>intelligamus·</strong></span> <span class='ocrx_word' id='word_1_286' title='bbox 2638 3220 2697 3278; x_wconf 83' lang='lat' dir='ltr'><strong>Et</strong></span> 
     </span>
    </p>
   </div>
   <div class='ocr_carea' id='block_1_6' title="bbox 2722 2093 2724 2264">
    <p class='ocr_par' dir='ltr' id='par_1_10' title="bbox 2722 2093 2724 2264">
     <span class='ocr_line' id='line_1_33' title="bbox 2722 2093 2724 2264; baseline 0 0"><span class='ocrx_word' id='word_1_287' title='bbox 2722 2093 2724 2264; x_wconf 95' lang='lat' dir='ltr'><strong> </strong></span> 
     </span>
    </p>
   </div>
   <div class='ocr_carea' id='block_1_7' title="bbox 2722 2271 2724 2298">
    <p class='ocr_par' dir='ltr' id='par_1_11' title="bbox 2722 2271 2724 2298">
     <span class='ocr_line' id='line_1_34' title="bbox 2722 2271 2724 2298; baseline 0 0"><span class='ocrx_word' id='word_1_288' title='bbox 2722 2271 2724 2298; x_wconf 66' lang='lat' dir='ltr'><strong>i</strong></span> 
     </span>
    </p>
   </div>
   <div class='ocr_carea' id='block_1_8' title="bbox 2724 2525 2727 2818">
    <p class='ocr_par' dir='ltr' id='par_1_12' title="bbox 2724 2525 2727 2818">
     <span class='ocr_line' id='line_1_35' title="bbox 2724 2525 2727 2818; baseline 0 0"><span class='ocrx_word' id='word_1_289' title='bbox 2724 2525 2727 2818; x_wconf 95' lang='lat' dir='ltr'><strong> </strong></span> 
     </span>
    </p>
   </div>
   <div class='ocr_carea' id='block_1_9' title="bbox 485 3320 2696 3511">
    <p class='ocr_par' dir='ltr' id='par_1_13' title="bbox 485 3320 2696 3511">
     <span class='ocr_line' id='line_1_36' title="bbox 486 3320 2696 3404; baseline -0.003 -21"><span class='ocrx_word' id='word_1_290' title='bbox 486 3322 628 3385; x_wconf 87' lang='lat' dir='ltr'><strong>vide</strong></span> <span class='ocrx_word' id='word_1_291' title='bbox 647 3370 663 3399; x_wconf 91' lang='lat'><strong>,</strong></span> <span class='ocrx_word' id='word_1_292' title='bbox 729 3321 811 3384; x_wconf 88' lang='lat' dir='ltr'><strong>ad</strong></span> <span class='ocrx_word' id='word_1_293' title='bbox 852 3321 978 3384; x_wconf 88' lang='lat' dir='ltr'><strong>hoc</strong></span> <span class='ocrx_word' id='word_1_294' title='bbox 1021 3340 1208 3402; x_wconf 83' lang='lat' dir='ltr'><strong>quam</strong></span> <span class='ocrx_word' id='word_1_295' title='bbox 1250 3321 1333 3383; x_wconf 90' lang='lat' dir='ltr'><strong>sit</strong></span> <span class='ocrx_word' id='word_1_296' title='bbox 1376 3321 1601 3384; x_wconf 89' lang='lat' dir='ltr'><strong>eximie</strong></span> <span class='ocrx_word' id='word_1_297' title='bbox 1668 3322 2205 3384; x_wconf 88' lang='lat' dir='ltr'><strong>accommodatum</strong></span> <span class='ocrx_word' id='word_1_298' title='bbox 2226 3371 2241 3398; x_wconf 94' lang='lat'><strong>,</strong></span> <span class='ocrx_word' id='word_1_299' title='bbox 2305 3323 2475 3404; x_wconf 88' lang='lat' dir='ltr'><strong>quod</strong></span> <span class='ocrx_word' id='word_1_300' title='bbox 2514 3320 2696 3402; x_wconf 80' lang='lat' dir='ltr'><strong>gallus</strong></span> 
     </span>
     <span class='ocr_line' id='line_1_37' title="bbox 485 3417 2695 3511; baseline -0.005 -21"><span class='ocrx_word' id='word_1_301' title='bbox 485 3427 862 3511; x_wconf 80' lang='lat' dir='ltr'><strong>gallinaceus</strong></span> <span class='ocrx_word' id='word_1_302' title='bbox 905 3428 1014 3490; x_wconf 85' lang='lat' dir='ltr'><strong>Vs.</strong></span> <span class='ocrx_word' id='word_1_303' title='bbox 1045 3427 1166 3489; x_wconf 83' lang='lat'><strong>275</strong></span> <span class='ocrx_word' id='word_1_304' title='bbox 1203 3433 1462 3490; x_wconf 82' lang='lat' dir='ltr'><strong>vocatur</strong></span> <span class='ocrx_word' id='word_1_305' title='bbox 1508 3417 1847 3510; x_wconf 82' lang='grc' dir='ltr'><strong>όριβοῖτης.</strong></span> <span class='ocrx_word' id='word_1_306' title='bbox 1932 3424 2117 3499; x_wconf 88' lang='lat' dir='ltr'><strong>Quod</strong></span> <span class='ocrx_word' id='word_1_307' title='bbox 2155 3423 2525 3488; x_wconf 85' lang='lat' dir='ltr'><strong>vocabulum</strong></span> <span class='ocrx_word' id='word_1_308' title='bbox 2562 3440 2695 3482; x_wconf 87' lang='lat' dir='ltr'><strong>sen-</strong></span> 
     </span>
    </p>
   </div>
   <div class='ocr_carea' id='block_1_10' title="bbox 462 3650 2695 4326">
    <p class='ocr_par' dir='ltr' id='par_1_14' title="bbox 462 3650 2695 4326">
     <span class='ocr_line' id='line_1_38' title="bbox 627 3650 2695 3725; baseline -0.004 -18"><span class='ocrx_word' id='word_1_309' title='bbox 627 3658 672 3722; x_wconf 82' lang='grc'><strong>·)</strong></span> <span class='ocrx_word' id='word_1_310' title='bbox 723 3656 830 3707; x_wconf 81' lang='lat' dir='ltr'><strong>«Ex</strong></span> <span class='ocrx_word' id='word_1_311' title='bbox 867 3663 1046 3725; x_wconf 76' lang='lat' dir='ltr'><strong>parte·</strong></span> <span class='ocrx_word' id='word_1_312' title='bbox 1070 3693 1086 3717; x_wconf 89' lang='lat'><strong>,</strong></span> <span class='ocrx_word' id='word_1_313' title='bbox 1127 3657 1362 3725; x_wconf 79' lang='lat' dir='ltr'><strong>inquam.</strong></span> <span class='ocrx_word' id='word_1_314' title='bbox 1438 3655 1569 3704; x_wconf 81' lang='lat' dir='ltr'><strong>Nam</strong></span> <span class='ocrx_word' id='word_1_315' title='bbox 1616 3653 1755 3706; x_wconf 83' lang='lat' dir='ltr'><strong>illud</strong></span> <span class='ocrx_word' id='word_1_316' title='bbox 1800 3671 1897 3724; x_wconf 85' lang='lat' dir='ltr'><strong>per</strong></span> <span class='ocrx_word' id='word_1_317' title='bbox 1934 3671 1987 3706; x_wconf 75' lang='lat' dir='ltr'><strong>se</strong></span> <span class='ocrx_word' id='word_1_318' title='bbox 2016 3655 2190 3710; x_wconf 77' lang='lat' dir='ltr'><strong>solum</strong></span> <span class='ocrx_word' id='word_1_319' title='bbox 2227 3669 2337 3706; x_wconf 85' lang='lat' dir='ltr'><strong>non</strong></span> <span class='ocrx_word' id='word_1_320' title='bbox 2373 3653 2609 3704; x_wconf 79' lang='lat' dir='ltr'><strong>sufficere</strong></span> <span class='ocrx_word' id='word_1_321' title='bbox 2640 3650 2695 3700; x_wconf 73' lang='lat' dir='ltr'><strong>ad</strong></span> 
     </span>
     <span class='ocr_line' id='line_1_39' title="bbox 498 3742 2693 3814; baseline -0.003 -20"><span class='ocrx_word' id='word_1_322' title='bbox 498 3743 660 3794; x_wconf 77' lang='lat' dir='ltr'><strong>verba</strong></span> <span class='ocrx_word' id='word_1_323' title='bbox 693 3744 1010 3796; x_wconf 76' lang='lat' dir='ltr'><strong>Pisthetaeri</strong></span> <span class='ocrx_word' id='word_1_324' title='bbox 1047 3745 1395 3814; x_wconf 76' lang='lat' dir='ltr'><strong>explicanda,</strong></span> <span class='ocrx_word' id='word_1_325' title='bbox 1444 3745 1565 3796; x_wconf 86' lang='lat' dir='ltr'><strong>luce</strong></span> <span class='ocrx_word' id='word_1_326' title='bbox 1606 3745 1803 3796; x_wconf 78' lang='lat' dir='ltr'><strong>elarius</strong></span> <span class='ocrx_word' id='word_1_327' title='bbox 1852 3750 1969 3805; x_wconf 82' lang='lat' dir='ltr'><strong>est,</strong></span> <span class='ocrx_word' id='word_1_328' title='bbox 2016 3761 2339 3813; x_wconf 77' lang='lat' dir='ltr'><strong>quamquam</strong></span> <span class='ocrx_word' id='word_1_329' title='bbox 2371 3760 2403 3793; x_wconf 76' lang='lat' dir='ltr'><strong>a</strong></span> <span class='ocrx_word' id='word_1_330' title='bbox 2434 3742 2693 3792; x_wconf 78' lang='lat' dir='ltr'><strong>nullodum</strong></span> 
     </span>
     <span class='ocr_line' id='line_1_40' title="bbox 462 3829 2695 3907; baseline -0.003 -23"><span class='ocrx_word' id='word_1_331' title='bbox 462 3832 823 3884; x_wconf 85' lang='lat' dir='ltr'><strong>.intellectum</strong></span> <span class='ocrx_word' id='word_1_332' title='bbox 849 3869 867 3892; x_wconf 90' lang='lat'><strong>,</strong></span> <span class='ocrx_word' id='word_1_333' title='bbox 919 3838 980 3882; x_wconf 87' lang='lat' dir='ltr'><strong>ut</strong></span> <span class='ocrx_word' id='word_1_334' title='bbox 1029 3833 1256 3884; x_wconf 80' lang='lat' dir='ltr'><strong>videtur.</strong></span> <span class='ocrx_word' id='word_1_335' title='bbox 1332 3833 1549 3903; x_wconf 81' lang='lat' dir='ltr'><strong>Quippe</strong></span> <span class='ocrx_word' id='word_1_336' title='bbox 1585 3833 1825 3884; x_wconf 84' lang='lat' dir='ltr'><strong>nondum</strong></span> <span class='ocrx_word' id='word_1_337' title='bbox 1859 3833 2033 3907; x_wconf 71' lang='lat' dir='ltr'><strong>liquet</strong></span> <span class='ocrx_word' id='word_1_338' title='bbox 2052 3871 2070 3895; x_wconf 91' lang='lat'><strong>,</strong></span> <span class='ocrx_word' id='word_1_339' title='bbox 2118 3849 2214 3884; x_wconf 83' lang='lat' dir='ltr'><strong>eur</strong></span> <span class='ocrx_word' id='word_1_340' title='bbox 2261 3833 2435 3900; x_wconf 84' lang='lat' dir='ltr'><strong>ipsum</strong></span> <span class='ocrx_word' id='word_1_341' title='bbox 2460 3829 2695 3895; x_wconf 33' lang='lat' dir='ltr'><strong>,dinatum</strong></span> 
     </span>
     <span class='ocr_line' id='line_1_41' title="bbox 491 3919 2691 3992; baseline -0.002 -22"><span class='ocrx_word' id='word_1_342' title='bbox 491 3921 636 3972; x_wconf 82' lang='lat' dir='ltr'><strong>dicat</strong></span> <span class='ocrx_word' id='word_1_343' title='bbox 675 3919 1056 3972; x_wconf 82' lang='lat' dir='ltr'><strong>Pisthetaerus.</strong></span> <span class='ocrx_word' id='word_1_344' title='bbox 1134 3920 1300 3992; x_wconf 76' lang='lat' dir='ltr'><strong>Sequi</strong></span> <span class='ocrx_word' id='word_1_345' title='bbox 1337 3939 1400 3972; x_wconf 86' lang='lat' dir='ltr'><strong>ex</strong></span> <span class='ocrx_word' id='word_1_346' title='bbox 1434 3921 1536 3972; x_wconf 81' lang='lat' dir='ltr'><strong>hoc</strong></span> <span class='ocrx_word' id='word_1_347' title='bbox 1575 3922 1815 3982; x_wconf 77' lang='lat' dir='ltr'><strong>videtur,</strong></span> <span class='ocrx_word' id='word_1_348' title='bbox 1864 3927 1961 3982; x_wconf 88' lang='lat' dir='ltr'><strong>ut,</strong></span> <span class='ocrx_word' id='word_1_349' title='bbox 2012 3921 2106 3989; x_wconf 80' lang='lat' dir='ltr'><strong>qui</strong></span> <span class='ocrx_word' id='word_1_350' title='bbox 2141 3921 2291 3988; x_wconf 74' lang='lat' dir='ltr'><strong>gravi</strong></span> <span class='ocrx_word' id='word_1_351' title='bbox 2329 3924 2592 3970; x_wconf 83' lang='lat' dir='ltr'><strong>armatura</strong></span> <span class='ocrx_word' id='word_1_352' title='bbox 2628 3919 2691 3966; x_wconf 87' lang='lat' dir='ltr'><strong>in-</strong></span> 
     </span>
     <span class='ocr_line' id='line_1_42' title="bbox 492 4007 2692 4082; baseline -0.001 -26"><span class='ocrx_word' id='word_1_353' title='bbox 492 4007 682 4058; x_wconf 87' lang='lat' dir='ltr'><strong>structi</strong></span> <span class='ocrx_word' id='word_1_354' title='bbox 719 4025 878 4082; x_wconf 76' lang='lat' dir='ltr'><strong>cursu</strong></span> <span class='ocrx_word' id='word_1_355' title='bbox 913 4012 1214 4070; x_wconf 85' lang='lat' dir='ltr'><strong>certarent,</strong></span> <span class='ocrx_word' id='word_1_356' title='bbox 1275 4015 1368 4060; x_wconf 87' lang='lat' dir='ltr'><strong>aut</strong></span> <span class='ocrx_word' id='word_1_357' title='bbox 1405 4009 1576 4058; x_wconf 84' lang='lat' dir='ltr'><strong>solum</strong></span> <span class='ocrx_word' id='word_1_358' title='bbox 1628 4008 1865 4058; x_wconf 82' lang='lat' dir='ltr'><strong>diaulum</strong></span> <span class='ocrx_word' id='word_1_359' title='bbox 1903 4007 2149 4077; x_wconf 82' lang='lat' dir='ltr'><strong>quaterni</strong></span> <span class='ocrx_word' id='word_1_360' title='bbox 2185 4036 2245 4045; x_wconf 94' lang='lat'>—</span> <span class='ocrx_word' id='word_1_361' title='bbox 2290 4012 2573 4076; x_wconf 82' lang='lat' dir='ltr'><strong>quaternos</strong></span> <span class='ocrx_word' id='word_1_362' title='bbox 2609 4011 2692 4054; x_wconf 80' lang='lat' dir='ltr'><strong>sta·</strong></span> 
     </span>
     <span class='ocr_line' id='line_1_43' title="bbox 491 4091 2692 4162; baseline -0.003 -16"><span class='ocrx_word' id='word_1_363' title='bbox 491 4095 638 4146; x_wconf 86' lang='lat' dir='ltr'><strong>dium</strong></span> <span class='ocrx_word' id='word_1_364' title='bbox 674 4095 971 4148; x_wconf 87' lang='lat' dir='ltr'><strong>cucurrisse</strong></span> <span class='ocrx_word' id='word_1_365' title='bbox 1007 4111 1248 4147; x_wconf 86' lang='lat' dir='ltr'><strong>cursores</strong></span> <span class='ocrx_word' id='word_1_366' title='bbox 1287 4113 1394 4146; x_wconf 88' lang='lat' dir='ltr'><strong>non</strong></span> <span class='ocrx_word' id='word_1_367' title='bbox 1430 4095 1664 4162; x_wconf 77' lang='lat' dir='ltr'><strong>graviter</strong></span> <span class='ocrx_word' id='word_1_368' title='bbox 1699 4100 1925 4145; x_wconf 81' lang='lat' dir='ltr'><strong>armatos</strong></span> <span class='ocrx_word' id='word_1_369' title='bbox 1966 4093 2253 4145; x_wconf 80' lang='lat' dir='ltr'><strong>Pausanias</strong></span> <span class='ocrx_word' id='word_1_370' title='bbox 2286 4093 2387 4154; x_wconf 86' lang='lat' dir='ltr'><strong>v1,</strong></span> <span class='ocrx_word' id='word_1_371' title='bbox 2434 4091 2521 4156; x_wconf 84' lang='lat'><strong>13,</strong></span> <span class='ocrx_word' id='word_1_372' title='bbox 2558 4093 2591 4145; x_wconf 78' lang='lat'><strong>2</strong></span> <span class='ocrx_word' id='word_1_373' title='bbox 2624 4108 2692 4140; x_wconf 84' lang='lat' dir='ltr'><strong>rc-</strong></span> 
     </span>
     <span class='ocr_line' id='line_1_44' title="bbox 492 4179 2693 4254; baseline -0.004 -20"><span class='ocrx_word' id='word_1_374' title='bbox 492 4184 600 4234; x_wconf 77' lang='lat' dir='ltr'><strong>fert</strong></span> <span class='ocrx_word' id='word_1_375' title='bbox 646 4183 714 4234; x_wconf 84' lang='lat' dir='ltr'><strong>de</strong></span> <span class='ocrx_word' id='word_1_376' title='bbox 778 4183 1156 4236; x_wconf 82' lang='lat' dir='ltr'><strong>certaminibus</strong></span> <span class='ocrx_word' id='word_1_377' title='bbox 1205 4183 1506 4254; x_wconf 75' lang='lat' dir='ltr'><strong>olympicis</strong></span> <span class='ocrx_word' id='word_1_378' title='bbox 1562 4182 1920 4236; x_wconf 76' lang='lat' dir='ltr'><strong>sermocinans</strong></span> <span class='ocrx_word' id='word_1_379' title='bbox 1967 4211 2033 4224; x_wconf 91' lang='lat'><em>-</em></span> <span class='ocrx_word' id='word_1_380' title='bbox 2056 4220 2073 4242; x_wconf 91' lang='lat'><strong>,</strong></span> <span class='ocrx_word' id='word_1_381' title='bbox 2129 4189 2223 4234; x_wconf 80' lang='lat' dir='ltr'><strong>aut</strong></span> <span class='ocrx_word' id='word_1_382' title='bbox 2274 4183 2490 4234; x_wconf 84' lang='lat' dir='ltr'><strong>omuino</strong></span> <span class='ocrx_word' id='word_1_383' title='bbox 2544 4179 2693 4231; x_wconf 83' lang='lat' dir='ltr'><strong>solum</strong></span> 
     </span>
     <span class='ocr_line' id='line_1_45' title="bbox 493 4272 1118 4326; baseline -0.003 -2"><span class='ocrx_word' id='word_1_384' title='bbox 493 4272 729 4325; x_wconf 71' lang='lat' dir='ltr'><strong>diaulu-</strong></span> <span class='ocrx_word' id='word_1_385' title='bbox 765 4272 1118 4326; x_wconf 78' lang='lat' dir='ltr'><strong>cucurrerint.</strong></span> 
     </span>
    </p>
   </div>
  </div>
 </body>
</html>
