2759 5084
1045 216 1467 276 -15-

115 403 242 462 quo
283 383 634 465 posteriore
676 384 822 448 loco
865 385 1050 458 etiam
1096 386 1176 447 de
1220 385 1495 462 ratione,
1542 405 1663 470 qua
1709 388 1977 472 genuina
2020 389 2205 453 lectio
2250 390 2373 462 dez-

116 496 373 568 prava-ta
415 490 632 564 fuerit,
695 491 1051 574 conjectura
1095 493 1371 554 affertur.

286 591 409 652 Sed
461 611 666 674 neque
715 594 892 655 alteri
945 595 1232 657 commati
1280 599 1413 677 jam
1466 598 1759 680 pristinus
1802 597 1969 658 nitor
2012 607 2107 659 est
2148 601 2369 663 reddi—

111 700 228 754 tus.
315 695 470 758 Nam
515 697 686 776 quod
725 715 946 760 vocem
982 692 1200 783 βυθὸς
1243 719 1370 762 non
1414 708 1621 782 aptam
1667 720 1803 784 esse
1842 702 2143 782 judicavit
2184 712 2373 784 atque

107 796 460 876 repudiavit
501 799 960 873 Schneiderus,‘
1001 801 1144 883 jure
1189 801 1364 877 fecit,
1428 804 1595 882 quod
1638 823 1793 866 vero
1848 821 1966 885 pro
2024 824 2099 866 ea
2142 802 2366 890 βάθος

105 933 192 946 --
221 917 386 978 quae
426 900 570 962 libri
601 901 866 964 Medicei
901 901 1206 982 scriptura
1237 904 1619 984 perhibetur,
1668 923 1854 986 quum
1890 915 2097 969 tamen
2131 927 2363 970 secun-

104 1001 252 1062 dum
281 1002 676 1064 collationem
698 1003 1154 1085 Weigelianam
1185 1005 1501 1068 Mediceus
1534 1003 1766 1089 βάθΰς
1806 1007 2054 1084 habeat,
2090 1043 2171 1056 —-
2210 1029 2363 1072 ver—

97 1103 324 1166 borum
354 1105 418 1168 in
455 1105 734 1168 ordinem
767 1106 1027 1188 recepit,
1075 1108 1322 1170 minime
1353 1117 1447 1171 est
1477 1109 1839 1171 audiendus·
1926 1113 2113 1174 Unice
2147 1131 2363 1174 verum

99 1213 229 1283 est,
293 1209 462 1290 quod
505 1211 704 1292 ipsum
746 1212 809 1272 in
855 1209 1068 1272 codice
1113 1211 1586 1275 Robortelliano
1639 1213 2068 1294 reperiebatur
2113 1223 2175 1276 et
2216 1214 2359 1277 for—

95 1311 280 1372 tassis
327 1320 420 1373 est
463 1313 646 1393 etiam
689 1312 753 1374 in
793 1311 1111 1388 mediceo,
1173 1315 1544 1376 vocabulum
1586 1313 1844 1400 βαθύς.
1932 1317 2177 1398 Quippe
2222 1325 2363 1378 sunt

94 1413 326 1486 verba,
398 1433 558 1494 quae
611 1415 748 1475 Vss,
792 1413 947 1488 429,
994 1414 1148 1489 430,
1195 1417 1314 1478 431
1375 1416 1691 1499 leguntur,
1765 1418 1850 1478 ita
1908 1419 2355 1480 construenda:

89 1518 229 1601 βοᾷ
259 1515 328 1582 δὲ
360 1517 636 1590 πόντιος
672 1515 928 1584 κλύδων
966 1522 1356 1601 §mmmm
1392 1519 1509 1602 (vel
1545 1521 1749 1601 potius
1788 1522 2203 1607 ξυμπίτνων,
2246 1523 2354 1583 cfr.

88 1616 381 1679 Ellendtii
416 1619 560 1680 Lex.
590 1619 884 1700 Sophocl.
929 1621 1172 1696 v01.11,
1215 1641 1277 1704 p.
1300 1623 1450 1705 571)
1500 1625 1735 1702 στένει,
1776 1619 2014 1708 βαθύς
2054 1619 2356 1698 κελαινὸς

87 1714 156 1786 δ’
197 1717 432 1796 ’Λῖδος
474 1716 852 1810 ὕποβρέμει
906 1720 1121 1814 μυχὸς
1163 1727 1308 1809 γᾶς.
1403 1725 1670 1788 Dubium
1718 1733 1811 1786 est
1854 1733 2088 1801 autem,
2150 1733 2353 1787 utrum

85 1824 304 1888 στένει
349 1825 563 1888 tertius
609 1845 786 1890 casus
831 1828 908 1889 sit
951 1829 1216 1890 nominis
1257 1829 1517 1904 στένος,
1563 1849 1685 1909 quo
1724 1829 1906 1890 etiam
1942 1827 2351 1890 Eumenidum

85 1927 197 1988 Vs.
230 1928 354 1989 495
400 1949 545 1990 usus
591 1936 686 1990 est
725 1929 833 1992 hic
870 1937 1090 2010 poeta,
1132 1928 1411 2010 pendens
1454 1931 1559 1990 ille
1604 1950 1683 1992 ex
1722 1930 1919 1993 verbo
1964 1931 2350 2013 ξυμπίτνων

85 2037 150 2091 et
181 2028 246 2090 id
275 2031 570 2105 indicam,
614 2050 738 2112 quo
769 2030 1012 2094 collisio
1045 2032 1366 2108 efficiatur,
1405 2051 1485 2094 an
1512 2035 1646 2118 βοᾷ
1678 2033 1893 2094 tertius
1924 2050 2103 2093 casus
2134 2028 2345 2091 nomi-

80 2134 180 2194 nis
221 2128 396 2215 βοά,
446 2155 583 2196 cum
627 2135 826 2197 verbo
871 2134 1262 2218 ξυμπίτνων
1305 2136 1755 2198 construendus
1800 2143 1865 2196 et
1906 2134 2095 2196 modo
2138 2134 2343 2194 ratio-

81 2237 272 2315 nique
331 2234 770 2317 significandae
831 2237 1192 2299 inservienS.
1295 2238 1473 2300 Hanc
1526 2238 1943 2320 posteriorem
1998 2237 2341 2318 explicandi

78 2339 389 2400 rationem
419 2340 906 2420 amplectebatur
935 2340 1226 2402 Albertus
1255 2340 1644 2415 Schusterus‚
1675 2341 1989 2408 Cellensis.
2030 2341 2341 2401 societatis

78 2441 494 2522 philologicae
539 2440 802 2516 sodalis,
859 2442 1012 2520 qui‚.
1055 2460 1092 2502 a
1135 2462 1234 2502 me
1281 2441 1360 2502 de
1404 2443 1547 2503 loco
1593 2441 1871 2504 sanando
1916 2443 2183 2504 monitus
2202 2488 2219 2515 ‚
2277 2441 2339 2500 in

80 2563 286 2606 meam
315 2545 484 2606 illam
514 2544 1014 2607 emendationem
1047 2552 1108 2605 et
1137 2544 1270 2622 ipse
1302 2543 1623 2605 inciderat.
1689 2543 2043 2606 Dorismum
2074 2559 2339 2622 regnare

75 2649 202 2708 hac
242 2648 304 2708 in
350 2647 590 2729 epodo,
649 2648 809 2710 male
863 2647 1034 2708 illum
1089 2648 1150 2707 in
1205 2646 1478 2710 editione
1522 2646 1988 2709 Wellaueriana
2032 2645 2337 2708 oblitera—

77 2759 238 2824 tum,
298 2755 532 2812 certum
585 2757 696 2811 est.
802 2748 950 2810 Cum
994 2750 1311 2811 vocabulis
1355 2744 1595 2833 βαθύς
1624 2733 1945 2822 κελαινὸς
1990 2750 2166 2832 juxta
2208 2768 2336 2829 po·-

74 2853 206 2913 sitis
253 2850 736 2931 comparandum
780 2853 1027 2914 inverso
1075 2850 1293 2912 ordine
1337 2853 1746 2932 compositum
1790 2851 2161 2913 vocabulum
2204 2876 2335 2933 με-

73 2949 477 3040 λαμβαθης,
522 2975 644 3035 quo
692 2954 969 3036 epitheto
1013 2955 1196 3037 hujus
1241 2954 1429 3035 ipsius
1476 2956 1724 3016 fabulae
1770 2955 2033 3036 Vs.‚219
2079 2967 2334 3020 ornatur

87 3043 440 3142 Ταρτάρου
491 3057 833 3140 κευθμών.
923 3055 1045 3118 cfr.
1093 3058 1278 3118 etiam
1333 3057 1439 3119 Vs,
1480 3057 1679 3119 1031:
1740 3069 2047 3140 ammai
2063 3083 2103 3124 α
2155 3055 2331 3142 ἀμφὶ

1 3154 3 3157 ’
85 3156 444 3244 Ταρτάρου
497 3152 756 3243 βάθη·
799 3193 880 3208 ⁴-

1099 3449 1288 3532 VII.

370 3608 431 3658 ln
468 3609 740 3674 integrum
783 3609 1088 3659 restituitur
1132 3611 1318 3668 locus,
1373 3607 1467 3674 qui
1514 3613 1595 3656 est
1629 3607 1729 3657 Vs.
1762 3605 1863 3656 470
1904 3623 2023 3675 sqq.

291 3757 670 3832 Πέπονθας
723 3764 901 3832 αἰκὲς
958 3753 1151 3844 πῆμ’,
1213 3756 1628 3846 ἀποσφαλεὶς
1687 3761 1963 3844 φρενῶν.

294 3859 568 3946 Πλανᾷ,
625 3855 822 3936 κακὸς
871 3855 931 3928 δ’
977 3856 1205 3946 ἰατρὸς
1251 3859 1338 3936 ὥς
1390 3887 1491 3938 τις
1540 3869 1605 3936 ἐς
1658 3860 1861 3930 νόσον

291 3953 510 4046 πεσών
565 3957 873 4050 ἀθυμεῖς.

52 4073 312 4163 ΒὶοΔΙιίο
360 4099 567 4179 locine,
631 4108 694 4166 in
738 4125 862 4186 quo
907 4109 1134 4196 πλανᾷ
1187 4108 1288 4170 vel
1333 4103 1597 4198 πλάνῃ,
1661 4128 1821 4188 quae
1866 4108 2083 4190 procul
2128 4107 2319 4168 dubio

52 4223 230 4266 mera
277 4208 595 4286 correctio
659 4219 788 4285 est,
861 4213 1048 4294 vulgo
1120 4232 1257 4272 cum
1319 4213 1828 4275 antecedentibus
1888 4213 2096 4276 verbis
2160 4231 2320 4302 con——

50 4307 444 4388 struebatur,
495 4314 832 4375 secundum
877 4314 974 4376 ed.
1008 4313 1145 4377 Ald.
1191 4323 1254 4375 et
1295 4291 1451 4376 noh.
1498 4335 1533 4376 a
1579 4293 1974 4389 Wellauero,
2032 4315 2110 4375 de
2157 4333 2319 4422 con—
