2759 5084
1349 204 1765 268 „22-

419 403 658 468 pesse:-
680 377 896 464 ἄκραν
933 372 1174 460 ὀσφῦν,
1217 385 1285 438 et
1313 384 1521 438 tamen
1556 376 1849 459 scriptum
1890 376 2081 439 fuisso
2122 363 2389 456 μακράν
2432 366 2657 451 ὀσφῦν,
2743 415 2744 418 ,

419 487 522 568 ajo
562 491 750 564 atque
778 479 1096 542 contendo
1127 479 1413 542 codicum
1448 478 1813 540 auctoritate
1844 478 2041 540 nixus.
2126 475 2369 555 Quippe
2409 481 2657 553 utraque

416 586 648 648 locutio
689 589 816 650 hoc
853 588 998 649 loco
1043 585 1310 648 eundem
1354 601 1609 666 prorsus
1652 599 1900 644 sensum
1944 579 2161 643 fundit.
2244 578 2485 640 Etenim
2526 577 2663 657 quia

418 687 500 748 de
543 690 756 752 sacris·
779 697 842 752 et
882 689 966 751 de
1007 687 1358 769 aruspicina
1398 703 1609 748 sermo
1654 691 1751 744 est
1790 691 1855 744 et
1894 685 2039 764 quia
2069 685 2244 766 juxta
2280 697 2661 744 commemo—

415 797 632 852 rantur
669 811 864 856 coxae
905 802 968 856 et
1005 793 1196 854 lumbi
1231 798 1294 852 et
1331 809 1515 853 crura
1545 825 1631 837 -
1664 790 1824 852 haec
1864 790 2028 851 enim
2061 787 2479 870 significentur
2518 803 2663 846 voce

419 895 624 970 κῶλα,
649 928 734 942 -—-
775 895 1104 977 probabile
1147 904 1272 970 est,
1329 895 1435 968 iis,
1492 893 1571 954 de
1618 893 1839 972 quibus
1883 893 2221 972 loquimur,
2279 889 2486 950 verbis
2530 887 2665 970 spi-

417 1018 578 1060 nam
631 1017 896 1059 sacram
951 1006 1018 1059 et
1067 1017 1302 1062 carnes
1353 993 1723 1081 adjacentes
1774 991 1977 1056 simul
2028 1013 2179 1055 cum
2232 988 2446 1053 cauda
2488 1009 2666 1052 com—

421 1100 776 1164 memorari.
870 1100 1074 1180 Atque
1117 1101 1240 1162 hae
1283 1117 1387 1160 res
1433 1098 1579 1179 quin
1622 1098 1702 1158 ab
1746 1098 1871 1160 hoc
1913 1096 2163 1177 quidem
2204 1097 2509 1176 scriptore
2552 1091 2672 1153 hoc

417 1204 558 1265 loco
603 1219 806 1284 ecque
849 1202 1014 1264 bene
1056 1197 1286 1285 μακροὶ
1329 1193 1535 1282 ὀσφῦς
1576 1203 1877 1284 appellari
1919 1200 2233 1282 potuerint
2274 1204 2457 1277 atque
2504 1191 2667 1280 ἄκρα

417 1297 660 1390 ὀσφῦς,
708 1305 841 1386 jam
884 1288 1070 1366 nemo
1117 1321 1300 1378 unus,
1361 1304 1617 1384 opinor,
1674 1302 1993 1366 dubitabit.
2024 1337 2111 1350 -—

1456 1613 1616 1700 IX.

1023 1769 1352 1822 Emendatur
1400 1769 1496 1822 Vs.
1536 1767 1635 1818 509
1691 1773 1744 1818 et
1796 1767 1892 1818 Vs.
1936 1767 2059 1818 5¹8.

642 1913 750 1981 Οὐ
797 1916 1026 1997 ταῦτα,
1071 1914 1290 2004 ταύτῃ
1336 1913 1537 2000 μοῖρά
1594 1939 1696 1980 πω
1743 1910 2133 1998 τελεσφόρος

636 2017 874 2098 κρᾶναι
913 2016 1290 2099 πέπρωται.

411 2131 632 2192 Sermo
679 2141 772 2197 est
813 2135 894 2195 de
937 2134 1247 2197 solutione
1290 2135 1647 2198 Promethei
1698 2142 1759 2198 et
1800 2134 1883 2194 de
1932 2133 2237 2215 potentia,
2302 2151 2460 2214 quae
2510 2133 2570 2194 ei
2614 2133 2677 2193 in

391 2240 728 2313 ‘posterum
769 2234 974 2295 future
1017 2236 1112 2297 sit.
1211 2237 1385 2298 Haec
1426 2236 1650 2311 verbe,
1714 2253 1875 2316 quae
1920 2235 2007 2295 sic
2051 2243 2423 2296 constructa·
2442 2234 2680 2296 nemini

411 2332 738 2396 offensioni
781 2336 972 2398 fnisse
1017 2338 1134 2399 nisi
1169 2337 1583 2414 Schneidero‚
1630 2338 1786 2400 mira
1828 2343 1982 2400 sane
2024 2357 2127 2400 res
2174 2346 2295 2413 est,
2340 2340 2425 2399 ita
2466 2337 2678 2399 inter-

409 2445 685 2518 pretatus
741 2445 837 2500 est
890 2438 1284 2502 Schuetzius:
1334 2439 1546 2504 «Non
1589 2457 1754 2502 sane
1796 2437 1959 2503 haec
2000 2437 2095 2502 ita
2140 2438 2426 2501 Parcam
2465 2439 2681 2525 perfi-

411 2555 555 2603 cere
605 2541 1034 2604 constitutum
1087 2561 1144 2604 s.
1179 2541 1338 2628 fato
1393 2540 1723 2608 decretum
1772 2551 1898 2620 cst,
1961 2551 2028 2606 ut
2068 2544 2478 2608 nominativus
2533 2562 2681 2603 cum

408 2643 708 2712 infinitivo
747 2653 812 2707 et
843 2646 1041 2706 verbo
1085 2647 1337 2725 passivo
1386 2652 1769 2706 constructus
1816 2647 2145 2712 accusativi
2188 2665 2327 2706 cum
2367 2643 2683 2706 infinitivo

408 2747 608 2808 vicem
663 2747 990 2828 expleet3»
1061 2747 1454 2808 Bellmannus
1514 2753 1721 2807 autem
1778 2747 1867 2806 sic
1929 2747 2091 2826 cepit
2146 2765 2206 2826 p.
2245 2746 2361 2806 31:
2435 2741 2687 2812 «οὔπω

345 2926 365 2944 υ
417 2849 638 2932 Μοῖρα
693 2850 1032 2932 πέπρωται
1089 2841 1481 2932 τελεσφόρος
1538 2867 1625 2907 =
1678 2845 1975 2910 nondum
2032 2845 2255 2909 Parca
2313 2845 2685 2910 constituta

413 2955 514 3010 est
559 2946 878 3044 tanquam
921 2946 1010 3012 ad
1027 2947 1244 3033 finem
1280 2946 1673 3031 perducens:
1726 2955 1795 3010 ut
1834 2949 1943 3010 inf.
1989 2951 2226 3031 κρᾶναι
2272 2948 2353 3010 ad
2396 2949 2681 3010 dilatan-

409 3051 554 3112 dam
596 3054 676 3114 sit
715 3053 840 3116 τοῦ
884 3049 1270 3136 τελεσφόρος
1309 3053 1630 3116 notionem
1656 3075 1741 3114 =
1766 3074 1937 3146 quae
1976 3052 2072 3115 sic
2114 3049 2275 3114 haee
2312 3051 2675 3138 perficiat.»

411 3156 828 3218 Schneiderus
900 3163 1118 3218 contra
1184 3164 1330 3238 post
1399 3154 1788 3241 τελεσφόρος
1858 3157 2103 3238 gravius
2170 3155 2548 3237 interpunxit
2616 3165 2681 3218 et

406 3258 682 3339 priorem
724 3259 1058 3321 verborum
1102 3269 1345 3342 partem
1389 3261 1475 3323 ita
1520 3261 1879 3341 explicavit:
1946 3259 2155 3321 «noch
2194 3258 2276 3321 ist
2318 3258 2521 3343 dieses
2568 3261 2686 3320 auf

294 3399 312 3453 .'
407 3362 582 3424 diese
627 3362 843 3423 Weise
897 3361 1008 3424 das
1053 3363 1372 3427 Schicksal
1426 3364 1599 3426 nicht
1647 3361 2071 3435 vollziehend,
2133 3361 2191 3422 d.
2228 3362 2267 3423 i.
2312 3361 2476 3424 noch
2524 3361 2677 3426 lfisst

407 3465 610 3524 meine
639 3464 975 3546 Befreiung
1005 3466 1201 3530 durch
1233 3467 1554 3530 Versuche
1586 3487 1711 3528 von
1746 3468 1987 3528 meiner
2014 3465 2181 3527 Seite
2214 3465 2324 3526 das
2356 3464 2674 3528 Schicksal

408 3567 578 3628 nicht
627 3570 982 3651 gelingen‚»
1048 3571 1308 3632 alteram
1347 3571 1469 3633 itat
1536 3570 1681 3632 «die
1724 3569 2056 3651 Befreiung
2104 3589 2180 3628 zu
2232 3567 2554 3630 bewirken
2598 3567 2675 3628 ist

407 3688 549 3756 vom
593 3668 913 3734 Schicksal
966 3672 1332 3734 bestimmt.»
1442 3673 1567 3734 Sed
1610 3671 1807 3735 verba
1860 3678 2150 3752 corrupta
2202 3689 2373 3741 esse,
2432 3669 2551 3732 nisi
2594 3689 2671 3731 ex

405 3769 552 3849 ipsis
597 3771 743 3830 satis
791 3771 1096 3848 eluceret,
1148 3774 1378 3835 veteris
1424 3774 1644 3836 scholii
1672 3775 2034 3842 accuratior
2079 3773 2497 3834 consideratio
2542 3773 2666 3834 do—

408 3889 550 3935 cere
595 3882 841 3953 posset;
901 3875 1071 3954 quod
1114 3878 1218 3958 qui
1265 3881 1641 3960 composuit,
1701 3899 1843 3940 eum
1884 3877 2069 3958 plane
2114 3874 2281 3936 aliud
2326 3875 2474 3957 quid
2516 3895 2666 3956 prae

409 3975 600 4064 oculis
668 3974 961 4039 habuisse
981 4025 996 4053 ‚
1073 3980 1208 4042 luce
1276 3981 1499 4043 clarius
1568 3988 1678 4042 est.
1789 3981 1943 4042 Sunt
2005 3987 2211 4040 autem
2277 3979 2409 4061 ejus
2474 3979 2664 4041 verba

312 4072 333 4088 ”
409 4077 679 4138 haecce:
725 4074 807 4144 ου’
845 4083 1064 4148 ταῦτα
1111 4079 1324 4156 οὕτως
1369 4083 1743 4166 πέπρωται,
1794 4090 1905 4150 ἵνα
1948 4078 1989 4166 ἦ
2033 4074 2421 4166 τελεσφόρος
2460 4097 2661 4167 μοῖρα

407 4179 652 4270 τᾳχὲως
702 4173 777 4247 τό
831 4178 971 4249 κατ’
1015 4188 1138 4268 ἐμὲ
1189 4185 1405 4273 κράνη
1447 4187 1553 4252 καὶ
1599 4183 1926 4273 πληρώσῃ.
2024 4187 2327 4268 Apparet,
2383 4185 2659 4267 primum,

407 4282 802 4346 scholiastem
822 4303 986 4346 »non
1037 4283 1263 4370 legisse
1319 4287 1683 4370 perticulam
1738 4313 1873 4368 πω,
1930 4289 2186 4365 deinde,
2246 4289 2471 4372 legisse
2524 4307 2655 4352 eum
