2759 5084
407 374 518 443 en,
563 375 690 430 tum
732 382 808 425 ex
853 363 946 440 iis,
990 380 1154 446 quae
1186 360 1585 444 proferuntur
1613 377 1650 420 a
1684 357 1883 420 choro
1918 359 2021 420 Vs.
2042 355 2169 420 660
2212 351 2277 417 'et
2317 373 2358 416 a
2396 353 2652 420 Bistho-

405 481 584 534 taero
613 470 716 532 Vs.
739 468 859 532 661
887 477 952 530 et
975 469 1118 544 664,
1161 474 1336 531 certo
1365 465 1657 548 sequitur.
1742 461 2053 527 Cecinissc
2082 465 2291 524 auten
2320 455 2653 522 lusciniam

406 593 570 656 pone
613 583 863 636 scenam
915 577 1264 637 versantem
1317 576 1567 654 praeter
1624 580 1762 630 eum
1826 565 2037 630 locum
2055 613 2072 642 ,
2132 566 2215 631 dc
2274 583 2401 645 quo
2456 581 2653 644 supra

402 673 682 752 vidimus,
709 670 822 738 nbi
859 675 1168 757 expressis
1213 675 1418 738 verbis
1454 673 1755 736 excitatur
1796 671 1877 734 ad
1906 669 2273 746 canendum,
2316 665 2652 750 quominus

403 779 750 853 credamus,
787 778 916 860 jam
951 793 1028 838 ea
1071 776 1364 858 prohibet
1394 771 1807 848 ratiocinatio,
1850 788 2042 853 quam
2077 771 2271 836 nodo
2301 766 2541 853 protuli
2574 767 2652 828 de

403 897 598 944 corvo
669 896 891 962 agens3
951 878 1065 940 sed
1128 895 1291 942 nova
1347 877 1591 944 accedit
1630 877 1790 938 haec
1833 875 2027 951 ratio,
2088 873 2259 955 quod
2301 869 2651 946 lusciniam,

399 987 507 1050 nbi
551 999 769 1049 revera
811 985 966 1046 illud
1009 984 1136 1066 agit
1155 1033 1172 1058 ‚
1234 1002 1362 1046 non
1422 997 1609 1064 agere
1650 980 1769 1042 nisi
1806 981 2043 1062 jussam
2086 973 2655 1040 animadvertimus.

403 1091 480 1155 At
521 1089 688 1152 enim
731 1085 990 1171 objiciat
1033 1087 1284 1168 aliquis,
1341 1093 1409 1148 nt
1450 1085 1709 1148 luscinia
1752 1101 2001 1165 semper
2042 1077 2655 1146 concinuerit-chori

401 1192 639 1266 cantui,
705 1197 874 1253 certo
927 1189 1102 1270 sequi
1147 1207 1226 1250 ex
1268 1205 1374 1265 eo,
1430 1185 1604 1270 qnod
1642 1185 1752 1250 ina
1804 1184 1911 1248 Vs.
1948 1183 2073 1249 678
2118 1191 2185 1246 et
2225 1183 2354 1248 679
2394 1179 2475 1244 ab
2520 1179 2649 1242 hoc

402 1295 752 1378 appelletur
790 1292 888 1356 his
930 1292 1170 1355 verbis:

653 1391 990 1462 πάντων
1029 1390 1326 1480 ξύννομε
1363 1396 1501 1462 τῶν
1548 1396 1727 1478 ἐμῶν

643 1492 886 1578 ὕμνων
927 1494 1266 1580 ξύντροφε.

401 1598 700 1682 speciose
745 1597 1029 1679 quidem,
1073 1596 1188 1659 sed
1231 1596 1481 1674 dubito,
1548 1615 1627 1660 an
1671 1617 1798 1662 non
1842 1606 2027 1664 recte.
2110 1601 2233 1662 Aut
2274 1595 2443 1660 enim
2484 1612 2652 1658 con-

399 1702 742 1767 cedendum
807 1707 1001 1776 esset,
1080 1702 1264 1764 hunc·
1303 1707 1561 1782 poetam
1619 1701 1820 1766 minus
1880 1700 2275 1764 considerate
2328 1697 2465 1760 sive
2520 1696 2649 1758 hoc

401 1807 549 1869 loco
594 1805 872 1866 locutum
937 1822 1075 1866 esse
1134 1803 1266 1867 sive
1309 1802 1421 1866 illa
1462 1803 1587 1880 sic,
1650 1811 1721 1867 ut
1778 1802 2077 1881 vidimus,
2140 1801 2498 1874 instituisse,
2544 1805 2655 1860 aut

398 1907 823 1980 statuendum,
866 1905 1239 1966 vocabulum
1281 1901 1501 1989 ὕμνος
1543 1906 1817 1988 positum
1854 1925 1995 1968 esse
2032 1905 2294 1986 proprio
2336 1921 2529 1966 sensu
2570 1902 2653 1963 de

401 2018 584 2074 cantu
629 2009 754 2071 deo
796 2005 986 2068 alicui
1030 2007 1258 2070 dicato.
1343 2010 1421 2070 Et
1472 2007 1633 2070 haec
1676 2027 1829 2072 vera
1884 2006 2258 2070 difficultatis
2302 2004 2653 2086 expedien-

399 2119 520 2180 dae
561 2115 723 2176 ratio
765 2111 1024 2175 videtur.
1108 2112 1334 2175 Partim
1367 2113 1533 2174 enim
1570 2114 1652 2176 ad
1688 2113 1851 2175 hanc
1892 2111 2369 2194 explicationem
2410 2107 2649 2189 optime

401 2216 667 2299 quadrat
726 2213 900 2296 quod
957 2213 1122 2276 infra
1185 2215 1291 2278 Vs.
1331 2217 1455 2278 737
1492 2231 1627 2296 sqq.
1672 2214 1906 2278 chorus
1952 2214 2033 2276 ad
2089 2213 2415 2278 lusciniam
2482 2227 2649 2272 con-

399 2337 634 2394 versus,
677 2324 902 2393 tecum,
946 2315 1162 2399 inquit,

650 2421 834 2488 Πανὶ
883 2417 1140 2506 »νόμους
1180 2414 1399 2508 ἱερούς
1440 2416 1797 2506 ἀναφαίνω

645 2517 860 2612 asmo}
897 2541 978 2590 ve
1017 2526 1222 2610 μητρὶ
1260 2520 1614 2613 χορεύματ’
1672 2518 1871 2612 ὀρείᾳ,

395 2630 622 2710 partim
661 2627 764 2690 vel
806 2641 922 2707 per
961 2645 1031 2690 se
1076 2628 1324 2710 egregie
1368 2629 1580 2705 habet,
1626 2631 1799 2711 quod
1842 2631 2071 2693 chorus
2114 2647 2185 2691 se
2231 2628 2383 2691 dicit
2430 2633 2651 2690 cnutus

394 2731 542 2794 illos
585 2729 1010 2790 sanctissimos
1067 2736 1129 2791 et
1189 2732 1367 2810 quasi
1427 2733 1801 2814 praecipuos
1844 2749 1974 2794 non
2032 2729 2221 2792 edere
2256 2729 2381 2792 nisi
2422 2730 2653 2792 comite

399 2849 636 2896 summa
711 2830 1003 2892 canti-icc.
1087 2831 1499 2896 Nihilominus
1572 2842 1783 2898 tamen
1852 2853 1979 2896 non
2041 2851 2237 2914 nego,
2302 2831 2441 2894 fieri
2520 2849 2654 2894 non

398 2955 620 3018 posse,
665 2933 814 3015 quin
855 2932 1042 3009 illud,
1093 2936 1265 3015 quod
1307 2934 1573 2999 luscinia
1628 2936 1941 3019 praeludit
1978 2934 2333 3017 anapaestis
2368 2942 2435 2998 et
2476 2935 2655 3016 quod

399 3047 624 3119 postea
667 3037 820 3099 tibia
879 3035 1044 3098 canit
1099 3037 1261 3099 inter
1315 3044 1560 3100 cantum
1622 3040 1829 3115 chori,
1888 3075 1973 3088 -
2032 3036 2087 3098 si
2132 3033 2387 3096 omnino
2442 3035 2509 3096 in
2548 3036 2653 3098 his

397 3139 738 3221 acquievit,
783 3171 866 3186 --
909 3139 1232 3218 scrupulos
1277 3138 1616 3221 relinquat,
1662 3143 1713 3203 si
1757 3150 1965 3203 tamen
2009 3138 2329 3213 statuitur,
2374 3136 2653 3202 adfuisse

399 3236 670 3304 musicos
713 3239 1014 3320 imprimis
1060 3240 1142 3301 ad
1201 3241 1465 3304 chorum
1506 3243 1907 3324 pertinentes.
1992 3241 2157 3322 Ergo
2212 3231 2429 3320 accipe
2484 3239 2654 3302 hanc

403 3363 606 3406 meam
651 3343 1092 3425 conjecturam.
1151 3343 1487 3433 *Musicen
1554 3347 1659 3428 qui
1718 3346 1917 3409 choro
1973 3343 2074 3408 vel
2118 3340 2381 3405 scenicis
2425 3343 2654 3404 conci—

400 3454 649 3524 nere-nt,
691 3444 882 3528 vulgo
930 3465 1058 3508 non
1101 3447 1296 3509 fuisse
1341 3447 1617 3529 optimae
1658 3455 1867 3522 notae,
1905 3466 2026 3530 par
2068 3452 2161 3508 est
2204 3443 2495 3523 credere3
2534 3447 2655 3510 sed

397 3550 538 3610 fieri
599 3557 874 3630 poterat,
960 3558 1030 3612 nt
1093 3558 1202 3614 aut
1286 3550 1596 3631 choregus
1662 3559 1913 3632 paratus
1996 3558 2163 3614 esset
2226 3547 2309 3611 ad
2374 3547 2655 3630 maiores

399 3657 676 3730 sumptus
716 3651 1042 3714 faciendos
1083 3660 1190 3713 aut
1230 3659 1423 3732 poeta
1468 3653 1816 3718 celebriore
1862 3653 2101 3718 artifice
2146 3670 2307 3733 opus
2344 3649 2655 3726 haberet;

399 3765 524 3818 tn'm
583 3753 998 3816 adhibebatur
1039 3755 1478 3820 celeberrimus
1524 3759 1783 3841 quisque
1826 3757 2135 3832 musicus3
2196 3755 2251 3816 is
2295 3771 2427 3816 rem
2470 3771 2659 3816 suam

400 3858 628 3938 agebat
669 3854 804 3917 sine
847 3856 1028 3917 socio
1075 3863 1138 3918 et
1179 3858 1374 3941 magis
1420 3858 1593 3922 solus
1638 3860 1935 3934 canebat,
1982 3872 2169 3940 quam
2210 3856 2315 3927 iis,
2381 3853 2489 3934 qui
2535 3872 2657 3916 ca-

401 3965 635 4034 nerent‚
677 3957 1018 4020 accinebat.
1106 3959 1295 4035 Quod
1335 3963 1388 4024 si
1429 3965 1495 4027 in
1540 3963 1891 4027 comoediis
1928 3961 2123 4036 fieret,
2170 3958 2271 4022 vel
2312 3977 2427 4038 per
2468 3974 2540 4018 se
2590 3958 2659 4017 in

401 4060 572 4122 nulla
612 4067 790 4141 parte
834 4067 961 4123 tam
1006 4068 1216 4141 aptum
1261 4072 1413 4140 erat,
1459 4071 1643 4147 quam
1671 4065 1734 4126 in
1779 4065 2091 4144 parabasi,
2138 4080 2327 4143 quam
2358 4056 2659 4139 splendi-

399 4163 716 4224 dissimam
775 4162 1052 4226 comicae
1108 4164 1362 4228 fabulae
1402 4176 1642 4249 partem
1702 4185 1841 4228 esse
1898 4167 2059 4228 inter
2104 4181 2320 4227 omnes
2366 4169 2655 4236 constat3

398 4265 511 4328 sed
552 4265 755 4348 potuit
797 4265 981 4328 etiam
1025 4266 1174 4330 alibi
1219 4269 1423 4331 locum
1466 4268 1731 4345 habere,
1777 4270 2125 4348 ubicunque
2170 4263 2435 4326 maxime
2480 4283 2656 4325 con-
