2759 5084
1292 190 1765 253 —122—

386 380 463 427 ea
476 410 494 439 ,
538 380 701 445 quae
742 363 999 427 tradidit
1038 362 1347 429 Vitruvius
1391 362 1463 437 11,
1505 360 1548 423 3
1603 360 1705 423 his
1747 358 1952 423 verbis
1965 378 1984 417 t
2031 350 2630 419 ·»duobus.1aterum

384 468 714 551 generibus
758 468 1143 529 Graecorum
1186 463 1480 528 aedificia
1517 464 1916 525 struebantur
1933 506 1952 537 ,
1997 478 2080 521 ex
2117 456 2216 519 his
2260 474 2448 515 unum
2471 471 2629 533 pen-
2728 480 2729 517 z

385 567 657 631 tadoron
672 615 691 643 ,
752 568 1017 631 alterum
1078 565 1446 630 tetradoron
1507 563 1754 625 dicitur.
1863 562 2086 623 Dorou
2147 564 2360 619 autem
2423 554 2629 616 Graeci
2728 580 2729 603 ι

382 668 691 753 palmum·
760 670 855 731 lta
896 669 1067 750 qaod
1110 677 1209 731 est
1246 684 1722 751 quoquoversus
1761 662 2040 745 quinque
2083 657 2439 742 palmorum
2477 674 2628 737 pen-

385 773 657 835 tadoron
676 819 695 847 ,
756 773 933 853 quod
988 782 1285 856 quattuor
1356 771 1732 835 tetradoron
1792 766 2036 829 dicitur.
2139 766 2222 827 Et
2275 778 2441 844 qnae
2503 762 2634 818 sunt

384 874 641 959 publica
678 894 873 956 opera
890 922 907 951 ,
958 877 1313 959 pentadoro
1327 920 1345 953 ,
1389 892 1552 956 quae
1597 872 1861 955 privata,
1901 867 2226 931 tetradoro
2267 868 2630 927 struuntur».

388 978 793 1043 Statueudum
850 987 949 1042 est
1012 987 1223 1041 autem
1242 1026 1260 1053 ,
1324 984 1540 1039 anates
1601 994 1733 1037 uon
1786 971 1995 1035 solum
2049 976 2342 1051 portasse
2392 963 2631 1034 lateres,

384 1102 603 1147 verum
644 1082 830 1145 etiam
872 1081 1241 1145 collocasse.
1324 1079 1700 1143 Hirundines
1745 1078 1911 1145 enim
1963 1072 2120 1135 nihil
2175 1076 2368 1152 agunt
2419 1064 2538 1127 uisi
2574 1070 2636 1125 ut

384 1184 615 1247 lateres
658 1190 1095 1264 coagmentent
1130 1182 1265 1247 luto
1306 1182 1373 1245 in
1403 1179 1622 1245 rostris
1655 1178 1866 1243 allato.
1951 1174 2090 1241 Καὶ
2125 1171 2394 1239 mandet
2424 1168 2632 1237 τοῦτο,
2728 1222 2729 1229 ,

386 1295 557 1351 recte
602 1285 693 1347 ait
726 1284 1101 1347 scholiastes
1122 1331 1141 1359 ,
1184 1280 1353 1351 ὅταν
1391 1276 1518 1358 τὰς
1555 1272 1858 1351 νεοοοιᾶς
1897 1269 2486 1352 κατασκευάζουσιν.
2561 1267 2631 1325 Et
2728 1266 2729 1269 ’

390 1389 471 1451 ad
520 1388 692 1451 illam
756 1404 889 1447 rem
950 1385 1288 1467 agendam,
1354 1402 1546 1467 quum
1609 1381 1860 1462 saepius
1919 1377 2238 1448 volarent,
2301 1368 2634 1433 sufficiebat

390 1496 625 1555 tantum
668 1487 817 1562 luti,
874 1495 1171 1567 quantum
1210 1489 1275 1549 in
1330 1486 1550 1549 rostris
1593 1483 1832 1565 portari
1873 1484 2124 1563 poterat
2163 1474 2246 1537 ab
2287 1468 2634 1535 hirundini-

388 1594 531 1656 hus.
614 1591 845 1655 Contra
884 1590 1083 1651 lut-m
1104 1636 1119 1664 ,
1172 1587 1344 1669 quod
1397 1589 1507 1649 Vs.
1543 1585 1709 1649 1142
1769 1590 2084 1666 portatum
2127 1578 2376 1652 dicitur,
2438 1574 2634 1635 inser-

389 1696 603 1761 viebat
643 1695 727 1759 ad
766 1694 997 1757 lateres
1040 1690 1384 1753 faciendos.
1467 1689 1568 1751 Ad
1617 1689 1746 1753 hoc
1785 1687 2028 1769 majore
2089 1680 2276 1763 copia
2315 1677 2432 1741 luti
2495 1692 2634 1756 opus

394 1805 529 1861 erat
568 1796 825 1859 ciconiis
847 1844 864 1873 ,
933 1813 1083 1877 ergo
1136 1793 1333 1857 lutum
1375 1811 1506 1857 non
1547 1793 1614 1855 in
1653 1789 1871 1855 rostris
1913 1787 2171 1851 affertur
2189 1830 2206 1859 ,
2263 1780 2382 1843 sed
2419 1778 2490 1839 iu
2529 1794 2636 1838 va-

392 1903 563 1967 sibus
622 1899 767 1962 latis
790 1947 807 1976 ,
874 1899 957 1961 de
1019 1898 1243 1979 quihus
1308 1898 1420 1961 cfr.
1499 1914 1661 1979 quae
1739 1889 2056 1975 congessit
2109 1882 2404 1947 Panofka
2483 1880 2637 1941 »Re-

392 2001 731 2067 cherches»
802 2010 917 2065 cet.
959 2021 1023 2083 p.
1044 1999 1146 2076 22,
1208 2008 1277 2065 et
1336 2018 1378 2063 a
1437 1998 1776 2083 majoribus
1821 1993 2038 2059 avibus
2095 1985 2313 2070 quales
2355 1991 2504 2049 sunt
2541 2000 2636 2045 ar-

398 2107 572 2169 deae.
614 2138 701 2151 -

401 2512 716 2625 ΕΧΡῙῖθῆῑῑΠ·
748 2550 936 2610 locus,
996 2518 1091 2619 qut
1140 2556 1223 2603 cst
1265 2548 1361 2603 Vs.
1404 2534 1548 2603 1249'
1574 2566 1692 2620 sqq.
1785 2540 2075 2597 Probabile
2119 2538 2404 2597 redditur,
2451 2534 2641 2585 Aristo·

538 2643 765 2715 phanem
802 2639 1015 2691 novisse
1050 2638 1309 2709 Gigantes
1346 2640 1518 2692 alatos
1556 2644 1610 2690 et
1659 2636 1950 2708 pardorum
1997 2630 2236 2700 pellibus
2269 2628 2516 2679 indutos.

566 2824 672 2886 Vs.
708 2821 871 2885 1246
912 2841 1048 2904 sqq.
1130 2822 1548 2886 Pisthetaerus
1589 2818 1740 2882 dicit
1794 2813 1976 2879 lridi:

562 2930 700 3020 'Ap'
742 2927 921 3003 οἷσθ’
956 2930 1061 3002 ὅτι
1106 2926 1284 3007 Ζεΰς
1324 2937 1392 3000 εἴ
1426 2960 1516 3019 με
1552 2927 1827 3016 λυπήσει
1873 2925 2070 3007 πέρα,

568 3038 879 3123 μέλαθρα
919 3039 1053 3118 μὲν
1096 3029 1313 3103 αὐτοῦ
1360 3039 1464 3103 αἰαὶ
1509 3031 1754 3118 δόμους
1803 3024 2183 3113 Ἀμφίονος

570 3130 1034 3205 καταιθαλώσω
1074 3128 1514 3219 πυρφόροισιν
1553 3128 1794 3209 αἐτοτς,

571 3241 818 3326 πέμψω
860 3238 931 3307 δὲ
972 3237 1432 3321 πορφυρίωνας
1472 3243 1540 3313 ἐς
1578 3232 1702 3305 τᾶν
1743 3224 2034 3317 οὐρανὸν

573 3340 756 3429 ὄρνις
798 3336 901 3409 ἐπ’
941 3332 1175 3417 αὐτὸν,
1232 3342 1584 3427 παρδαλᾶς
1623 3333 2068 3423 ἐνημμένους,

574 3448 765 3513 πλεῖν
807 3442 1181 3521 ἑξακοσίους
1222 3438 1345 3509 τὸν
1387 3436 1715 3527 ἀριθμόν·
1761 3436 1870 3503 καὶ
1912 3428 1992 3521 δή
2035 3452 2200 3497 ποτε

577 3543 671 3620 εἷς
716 3542 1113 3629 Πορφυρίων
1156 3535 1333 3631 αὐτῷ
1376 3542 1652 3630 παρέσχε
1713 3534 2096 3626 πράγματα.

410 3646 533 3723 Qui
572 3648 677 3709 Vs.
712 3646 877 3709 1249
908 3666 1042 3727 sqq.
1108 3650 1396 3709 accurate
1458 3644 1794 3726 perlegerit
1831 3657 2073 3704 memor
2131 3652 2278 3697 usus
2337 3626 2651 3713 loquendi,

409 3750 491 3813 de
533 3768 657 3832 quo
702 3748 855 3809 dixit
894 3747 1258 3831 Bernhardy
1310 3749 1481 3830 Synt.
1539 3766 1603 3829 p.
1631 3746 1754 3810 192
1813 3744 2002 3806 etiam
2043 3738 2225 3820 hujus
2269 3733 2397 3797 loci
2445 3730 2654 3795 habita

408 3853 686 3929 ratione,
748 3851 803 3913 is
845 3870 975 3913 non
1033 3850 1149 3913 ibit
1208 3851 1484 3927 infitiaS,'
1537 3849 1730 3914 verba
1781 3841 2238 3931 πορφυρίωνας
2297 3831 2480 3918 ὅρνις
2533 3849 2652 3893 ⁰⁰¹¹

412 3974 547 4019 esse
590 3956 679 4018 ita
722 3953 1011 4035 opposita
1052 3955 1253 4018 verbis
1298 3953 1392 4030 εἷς
1433 3949 1872 4036 Πορφυρίων,
1939 3952 2007 4008 ut
2054 3942 2203 4005 illa-e
2263 3958 2409 4001 aves
2451 3934 2653 3997 alatae

408 4058 779 4141 cogitandae
818 4056 969 4134 sint,
994 4060 1002 4067 ‘
1024 4056 1127 4119 hic
1186 4058 1359 4141 gigas
1421 4074 1637 4119 carere
1681 4051 1818 4137 alis.
1921 4045 2136 4109 Potius
2177 4042 2405 4116 verba,
2469 4053 2653 4119 quum

406 4162 495 4225 ita
536 4160 701 4223 dicta
741 4158 895 4235 sint,
954 4167 1023 4223 ut
1064 4158 1511 4245 πορφυρίωνες
1553 4165 1617 4220 et
1671 4151 2068 4238 Πορφυρίων
2121 4165 2248 4209 uno
2311 4142 2653 4221 eodemque

408 4261 554 4325 loco
595 4261 975 4337 habeantur,
1020 4262 1137 4325 nisi
1181 4261 1353 4343 quod
1391 4260 1488 4323 illi
1532 4256 1805 4322 sexcenti
1846 4270 2106 4317 numero
2153 4261 2652 4313 commemoran-
