2759 5084
1035 206 1457 269 -83-

138 370 395 437 editores
466 381 655 456 atquo
718 375 1087 457 interpretes
1148 373 1436 438 videntur
1497 370 1805 439 statuisse.
1919 371 2160 435 Etenim
2225 380 2369 437 ante

134 474 489 539 Brunekium
548 478 750 541 altera
806 497 957 561 pars
996 497 1283 543 versuum
1340 478 1470 541 592
1523 487 1588 542 et
1628 479 1752 543 595
1799 481 1861 541 et
1898 476 2005 537 Vs.
2035 474 2162 539 606
2231 496 2370 539 cum

129 576 330 656 priore
392 585 569 660 parte
624 599 841 643 versus
883 582 1009 645 607
1054 581 1313 662 Upupae
1376 579 1792 657 tribuebatur,
1853 600 2016 644 nunc
2077 598 2230 643 vero
2305 578 2372 640 in

63 576 243 841 N
282 698 445 761 quae
487 680 773 764 leguntur
812 683 959 744 inde
1002 700 1041 745 a
1081 684 1191 745 Vs.
1232 684 1359 745 550
1405 701 1612 763 usque.
1649 683 1730 745 ad
1772 684 1881 749 Vs.
1915 683 2060 759 611,
2115 684 2374 765 Upupae

128 799 195 842 so
226 781 239 795 “
302 782 573 844 adscribi
630 783 837 846 solent
897 785 1146 860 omnia,
1207 802 1371 866 quae
1434 804 1562 846 non
1631 791 1776 847 sunt
1835 784 2202 847 Pisthetaeri
2269 782 2374 845 aut

126 882 461 964 Euelpidis.
545 885 733 960 Quod
796 906 945 951 num
1000 890 1144 972 J‘ure
1199 887 1345 965 fiat,
1409 888 1694 951 dubitare
1751 887 1914 949 licet.
1995 887 2218 949 Mirum
2261 892 2374 958 est,

125 987 287 1065 quod
308 1034 325 1064 ,
368 987 425 1049 si
464 987 623 1051 baec
666 989 1075 1053 distribuendi
1110 989 1271 1053 ratio
1313 991 1652 1072 probatur,
1693 989 2106 1052 Pisthetaerus
2147 988 2294 1051 inde
2335 1007 2374 1049 a

125 1090 231 1151 Vs.
258 1091 383 1155 593
428 1091 517 1153 ita
556 1092 862 1175 loquitur,
907 1093 1083 1175 quasi
1126 1091 1390 1155 chorum
1431 1092 1532 1155 vel
1573 1111 1720 1155 aves
1765 1092 1828 1153 iu
1872 1091 2225 1155 uuiversum
2261 1112 2373 1155 se-

120 1200 331 1257 cernat
370 1194 453 1255 ab
497 1196 752 1276 Upupa,
810 1204 995 1261 antea
1036 1215 1187 1261 vero
1232 1202 1588 1259 constanter
1625 1195 1716 1258 ita
1755 1197 2242 1272 sermocinatur,
2306 1203 2375 1258 ut

114 1292 271 1358 hanc
312 1296 382 1358 iu
424 1316 683 1359 numero
726 1299 931 1362 avium
986 1298 1505 1380 comprehendat,
1567 1306 1633 1361 et
1672 1299 1845 1381 quod
1885 1301 2104 1381 Upupa
2145 1299 2292 1365 inde
2335 1318 2374 1361 a

113 1399 213 1462 Vs.
254 1400 384 1464 697
442 1401 531 1464 sic
572 1400 883 1483 loquitur,
925 1408 993 1466 ut
1012 1402 1115 1483 ‚de
1158 1402 1373 1466 avibus
1427 1400 1494 1463 in
1536 1402 1890 1467 uuiversum
1933 1402 2146 1467 dicens
2189 1406 2372 1469 tertia

114 1507 315 1565 utatur
356 1522 665 1585 persona,
710 1512 895 1569 antea
938 1525 1089 1569 vero
1133 1523 1381 1587 semper
1425 1520 1496 1567 se
1536 1503 1738 1585 ipsam
1785 1506 2151 1571 adnumeret
2171 1507 2374 1587 prima

108 1609 305 1668 utens.
396 1606 585 1681 Quod
642 1608 837 1671 modo
903 1608 1163 1672 diximus
1225 1608 1305 1670 de
1350 1607 1458 1669 Vs.
1499 1607 1648 1681 597,
1709 1624 1926 1670 verum
1968 1626 2094 1669 non
2137 1616 2276 1685 est,·
2317 1611 2374 1673 si

113 1708 367 1791 vulgata
410 1710 714 1791 scriptura
754 1710 1079 1791 probatur.
1160 1710 1278 1773 Hic
1322 1708 1488 1773 enim
1527 1708 1708 1771 locus
1767 1726 1845 1771 ex
1884 1707 2014 1771 fide
2069 1708 2372 1775 librorum

109 1830 291 1875 mscr.
334 1811 427 1875 sic
468 1812 735 1895 scriptus
780 1813 1000 1890 editur,
1040 1820 1111 1877 ut
1149 1815 1370 1895 Upupa
1414 1812 1612 1877 dicat:

280 1916 617 1983 Πλουτεῑν
662 1914 735 1983 δὲ·
774 1910 997 1984 πόθεν
1038 1913 1416 2002 δώσομεν
1457 1911 1726 1992 civois-,⁰
1779 1915 1918 1986 Καὶ
1959 1914 2088 2004 γιέρ
2129 1910 2376 1986 τούτου

1679 2015 1903 2103 σφόδρ’
1944 2022 2189 2101 ἐρῶσιν.

101 2123 185 2185 At
249 2124 417 2187 haec
472 2122 778 2189 scribendi
842 2123 1005 2187 ratio
1064 2125 1201 2209 jam
1260 2122 1345 2189 ob
1416 2141 1556 2187 eam
1619 2140 1902 2185 caussam
1961 2124 2104 2207 jure
2166 2126 2376 2203 potest

104 2236 405 2308 suspecta
446 2227 665 2307 videri,
710 2222 897 2309 quod'
923 2228 1145 2310 Upupa
1186 2227 1400 2308 paullo
1445 2227 1610 2291 infra
1652 2227 1759 2291 Vs.
1805 2227 1932 2292 603
1975 2224 2160 2290 simili
2192 2232 2372 2289 utens

99 2332 417 2395 orationis
460 2332 963 2395 conformatione
1003 2332 1163 2395 haec
1205 2331 1416 2411 ponit:

282 2434 441 2505 Πῶς
474 2430 529 2500 δ’
556 2430 823 2519 ὑγιείαν
850 2427 1159 2500 δῶσουσ’
1184 2428 1444 2508 αὐτοῖς,
1483 2422 1694 2509 οὖσαν
1725 2422 1908 2514 πηροὶ
1933 2440 2101 2495 τοῖσι
2127 2437 2334 2497 θεοῖσι
2349 2451 2374 2505 ‚·

91 2539 291 2600 Hauc
354 2537 421 2599 in
484 2536 751 2599 diceudo
814 2534 1295 2619 discrepantiam
1350 2534 1547 2598 video·
1583 2532 1908 2595 „sublatum
1965 2530 2042 2593 iri
2064 2578 2082 2607 ‚
2153 2530 2208 2593 si
2246 2529 2376 2593 hoe

92 2639 465 2721 posteriore
505 2637 653 2701 loco
696 2658 814 2721 pro
860 2630 1093 2712 αὐτοῖς
1145 2637 1446 2719 scriptum
1497 2636 1714 2699 fuerit:
1775 2632 2104 2711 αὐτοῖς,
2163 2640 2232 2697 ut
2291 2634 2373 2697 de

89 2743 259 2825 ipsis
326 2742 684 2805 bominibus
750 2738 959 2805 sermo
999 2740 1119 2809 sit.
1200 2741 1283 2804 Et
1320 2740 1608 2823 profecto
1651 2740 1846 2803 verba
1903 2738 1970 2799 in
2009 2740 2180 2801 huuc
2222 2756 2374 2799 mo-

97 2847 259 2911 dum
304 2844 522 2908 reficta
565 2846 797 2929 optime
846 2844 1243 2928 quadrabant
1284 2846 1490 2928 adea,
1535 2862 1700 2924 quae
1743 2843 2086 2925 respondet
2125 2839 2376 2902 Pisthe-

90 2955 357 3010 taetus:
628 2956 633 2961 ’

174 3046 334 3116 *Ην
370 3043 448 3114 εὖ
474 3042 825 3132 πράττωᾶ,
862 3044 981 3137 οἰχ
1010 3043 1229 3135 ὑγιεία
1254 3043 1516 3135 μεγάλη
1549 3040 1726 3115 τοῦτ’
1763 3044 1902 3113 ἐστι’
1917 3073 1940 3128 3
1985 3036 2156 3128 Σᾶφ’
2202 3045 2376 3123 ἴσθι,

180 3145 299 3226 ὥςι
326 3144 693 3235 ἅνθρωπός
736 3174 815 3234 γε
858 3152 1069 3225 κακῶς
1118 3148 1432 3236 πράττων
1476 3147 1760 3237 ἀτεχνῶς
1801 3141 2020 3221 officisis·
2062 3140 2374 3232 ὑγιαίνει.

89 3272 318 3336 neque
360 3270 511 3316 aves
553 3272 684 3315 non
740 3261 885 3317 sunt
945 3254 1318 3339 subjectum,
1376 3254 1550 3335 quod
1591 3258 1854 3329 vocant,
1921 3250 1986 3314 in
2025 3251 2104 3315 iis
2123 3297 2139 3328 ,
2210 3268 2372 3331 quae

86 3356 411 3435 deinceps
454 3353 899 3437 interrogando
942 3358 1188 3439 profert
1226 3356 1478 3439 Upupa:

185 3457 359 3533 Πῶς
417 3449 475 3524 δ’
522 3460 618 3529 εἰς
656 3456 865 3542 γῆράς
926 3457 1071 3527 ποτ’
1124 3458 1512 3547 amisorum,-
1557 3456 1666 3525 καὶ
1717 3452 1846 3543 γᾶρ
1903 3450 2080 3521 τοῦτ’
2129 3448 2258 3523 ἔστ’
2302 3460 2377 3521 ἐν

1765 3553 2116 3645 Ὀλύμπῳ·

180 3662 233 3751 ἢ
278 3659 575 3749 παιδάρι’
612 3655 749 3732 ὅντ’
792 3656 1253 3745 ἀποθνήσκειν
1293 3665 1420 3742 δεῖς

86 3779 159 3832 et
208 3785 385 3850 quae
422 3766 711 3850 proxime
754 3774 897 3830 ante
951 3767 1058 3829 Vs.
1087 3766 1211 3829 603
1276 3768 1690 3832 Pisthetaerus
1735 3766 2012 3831 dixerat:

982 3870 1243 3954 λέγουσι
1286 3867 1357 3935 δέ
1399 3896 1506 3937 τοι
1551 3868 1708 3937 τάδε
1747 3868 2024 3948 πάντες,

184 3968 409 4046 οὐδεὶς
432 3972 611 4041 οἶδεν
652 3966 774 4041 τὸν
816 3966 1167 4059 θησαυρόν
1202 3965 1325 4037 τὸν
1365 3965 1538 4054 ἐμὸν
1576 3966 1757 4056 πλήν
1797 3977 1866 4040 εἴ
1898 3996 2000 4044 τις
2037 3959 2137 4055 ἄρ’
2171 3963 2372 4054 ὅρνις.

82 4078 235 4145 Sed
276 4075 379 4139 vel
436 4074 527 4137 sic
585 4074 693 4136 Vs.
726 4074 851 4138 697
899 4074 1069 4157 justo
1126 4080 1293 4137 stare
1347 4072 1479 4136 talo
1531 4073 1728 4136 videri
1767 4093 1894 4136 non
1936 4078 2168 4155 potest.
2252 4071 2373 4146 Qui

82 4181 277 4244 enim
352 4179 610 4258 Upupae
696 4176 804 4240 illa
884 4177 1131 4239 locutae
1232 4174 1323 4237 sic
1401 4178 1786 4258 respondere
1869 4175 2178 4258 potuisset
2263 4172 2372 4235 Pi-

73 4288 489 4351 sthetaerus:
