2759 5084
1014 200 1496 263 ...ιω-

84 371 217 450 ipsa
287 387 493 433 scena
548 372 847 451 apparet,
896 373 1027 454 jam
1068 378 1253 435 antea
1304 372 1586 436 notitiam
1647 372 1946 441 babuisse
2003 378 2374 443 Pistbetae-·

86 495 253 549 rum,
298 494 429 555 per
476 492 551 535 se
587 473 821 547 clarum
862 484 976 537 est.
1060 476 1141 537 Et
1178 482 1390 557 potest
1425 475 1532 539 hic
1571 476 1691 540 sibi
1733 496 1874 540 eam
1917 479 2070 545 satis
2111 485 2356 565 proba·-

86 578 295 639 biliter
312 577 533 640 videri
554 597 639 640 eo
662 584 949 659 tempore
970 595 1386 661 comparasse,
1425 600 1546 662 per
1575 582 1748 664 quod
1768 584 2106 671 nondestin
2139 604 2356 665 scena3

86 681 229 761 quin
270 680 551 743 omnino
598 680 895 743 credibile
934 688 1057 758 est,
1104 682 1308 764 ipsum
1346 702 1623 765 pompae
1667 686 1990 750 ducendae
2031 696 2348 755 auctorem

14 863 18 880 ι
86 784 501 867 cogitandum
524 802 685 847 esse.
771 784 951 858 Quae
982 804 1129 849 num
1162 786 1240 849 ex'
1268 785 1552 867 pluribus
1573 806 1760 869 quam
1789 789 2094 854 extribus
2121 809 2354 872 perso-

16 901 18 924 =
84 887 175 949 nis
210 887 595 963 constiterit,
641 905 763 949 una
796 904 891 963 ea,
940 906 1105 970 quae
1130 889 1526 953 sacerdotem
1567 890 1780 972 egerit,
1827 891 2025 955 altera
2050 910 2147 970 ea,
2191 914 2352 975 quae

86 989 443 1065 camillum,
488 990 673 1051 tertia
716 1008 826 1065 ea,
870 1010 1033 1072 quae
1075 992 1418 1067 tibicinem,
1475 1006 1660 1077 quam
1705 1012 1956 1057 corvum
1999 994 2191 1059 fuisse
2231 1017 2352 1061 exa

82 1092 314 1173 pressis
366 1090 574 1153 verbis
616 1092 753 1173 ipse
795 1092 1047 1158 tradidit
1086 1102 1305 1176 poeta,
1350 1095 1661 1159 'dubitare
1717 1096 1882 1160 licet.
1991 1097 2170 1162 Certe
2212 1118 2364 1163 eam·

16 1211 19 1276 ῥ
82 1200 433 1263 admodum
480 1192 727 1262 exilem'
766 1199 958 1263 fuisse
1018 1218 1223 1281 neque
1287 1200 1498 1281 plures
1551 1200 1664 1279 iis,
1725 1219 1888 1283 quae
1928 1204 2200 1265 omnino.
2229 1222 2350 1265 ne·-

82 1300 409 1364 cessariae
454 1306 661 1363 essent
682 1347 697 1374 ,
759 1317 1061 1382 personas
1104 1301 1406 1378 adfuisse,
1445 1304 1570 1367 ‘vel
1613 1323 1690 1367 ex
1733 1303 1812 1366 iis
1855 1304 2080 1388 conjici
2121 1312 2348 1385 potest,

81 1424 248 1486 qnae
316 1404 403 1466 de
472 1402 743 1467 exilitate
772 1404 1091 1467 ‘victimae
1150 1402 1365 1485 'posita
1423 1413 1568 1467 sunt
1629 1406 1736 1469 Vs.
1779 1407 1908 1471 890
1933 1426 2070 1489 sqq.
2137 1413 2200 1470 et
2238 1410 2346 1472 Vs.

79 1632 211 1673 uno
256 1610 550 1673 camillos
590 1617 844 1691 praesto
880 1608 1083 1671 'fuisse
1124 1608 1494 1672 arbitremur
1535 1610 1844 1672 luculente
1895 1609 2214 1675 docebunt
2253 1632 2348 1689 ea,

80 1732 245 1796 qnae
313 1712 666 1776 Lobeckius
729 1712 1051 1777 adnotavit
1100 1709 1182 1775 ad
1230 1714 1428 1795 Soph.
1485 1716 1654 1797 Ajac.
1697 1716 1802 1777 Vs.
1849 1714 1994 1777 344.
2035 1748 2122 1763 --
2181 1715 2351 1779 Aves

78 1818 271 1879 etiam
318 1808 711 1877 sacerdotem
754 1813 943 1896 atqu'e
987 1814 1298 1878 camillum
1341 1815 1536 1877 fuisse
1595 1815 1696 1878 vel
1753 1816 1902 1879 inde
1941 1818 2124 1897 sequi
2159 1819 2346 1881 vide-

78 1930 210 1996 tur,
256 1918 439 2000 qnod
476 1916 792 1979 tibicinem
836 1934 1015 2009 aufem
1054 1914 1250 1981 fuisse
1294 1924 1464 1979 certo
1509 1918 1756 1981 scimus.
1841 1920 1969 1982 Sed
2011 1921 2345 2001 quaeritur,

75 2030 287 2085 utrum
335 2012 627 2104 propriae
670 2014 815 2109 aves
872 2018 1240 2101 cogitandae
1281 2018 1430 2097 sint,
1497 2038 1768 2083 au=aves
1807 2022 2088 2084 eaedem
2126 2022 2344 2085 homi-

74 2146 214 2188 nes·
306 2124 375 2187 Si
420 2122 558 2203 quis
600 2121 696 2198 sit,
740 2122 842 2183 cui
883 2121 1037 2185 illud
1081 2123 1301 2185 mirum
1338 2123 1624 2187 videatur
1663 2140 1739 2187 ea
1785 2125 1864 2188 de
1889 2144 2128 2203 caussa,
2171 2126 2342 2207 quod

76 2218 448 2308 aves'ipsas
490 2225 649 2285 deos
692 2242 833 2287 esse
875 2224 1043 2307 apud
1085 2224 1251 2288 hunc
1294 2224 1552 2306 poetam
1593 2227 1830 2311 legerit,
1872 2229 1930 2292 is
1973 2230 2158 2295 velim
2199 2250 2340 2292 me·-

75 2330 352 2407 minerit,
398 2328 654 2391 Graecis
698 2328 883 2389 etiam
923 2329 1295 2391 Mercurium
1338 2330 1527 2391 deum
1569 2330 1758 2391 fuisse
1805 2332 2188 2413 eundemqae
2226 2350 2338 2393 sa-

76 2432 405 2495 cerdotem
429 2438 492 2494 et
512 2429 841 2495 camillum.
883 2426 1021 2493 Hoc
1043 2429 1315 2493 alterum·
1328 2429 1716 2512 probabilius
1733 2430 2060 2507 videbitur,
2087 2434 2140 2493 si
2159 2431 2340 2495 etiam

14 2425 25 2666 Ι
73 2535 398 2602 tibicinem
433 2530 626 2595 fuisse
660 2528 913 2595 corvum
951 2532 1231 2595 eundem·
1264 2540 1448 2613 atque
1490 2532 1808 2595 hominem
1853 2533 2348 2597 demonstratum

16 2673 18 2676 >
74 2645 287 2721 fuerit,
314 2649 501 2722 atque
523 2638 896 2719 comparatis
921 2636 1146 2713 verbis,
1169 2654 1329 2717 quae
1352 2643 1495 2699 sunt
1511 2636 1616 2698 Vs.
1641 2634 1806 2699 1058
1825 2655 1960 2717 sqq.
1979 2644 2045 2700 et
2066 2637 2338 2699 iss-903.

77 2780 161 2795 —
186 2746 315 2809 Cur
343 2742 646 2805 Henricus
674 2741 933 2803 Vossius
956 2748 1017 2803 et
1048 2739 1430 2822 Droysenius
1461 2740 1794 2803 canistrum
1825 2748 2176 2821 portantem
2207 2742 2339 2804 vir-

77 2850 291 2931 ginem
333 2846 543 2928 potius
588 2863 773 2926 quam
815 2864 1075 2925 puerum
1116 2830 1488 2923 habuerint,
1545 2864 1672 2908 non
1732 2854 1980 2927 exputo.
2011 2880 2020 2889 ·
2047 2842 2060 2851 ”’
2082 2847 2341 2909 Accedit

16 2967 18 2970 ’
78 2952 295 3034 quod,
365 2956 432 3012 ut
470 2949 767 3030 virginem
830 2946 1020 3008 fuisse
1084 2946 1343 3010 eredere
1401 2968 1764 3031 possemus,
1831 2968 1988 3033 opus
2049 2959 2216 3015 esset
2255 2953 2339 3013 ad

74 3056 275 3118 verba
322 3053 357 3121 ὁ
398 3046 477 3121 τὰ
520 3054 771 3121 κανοῦν
814 3056 1002 3140 ἔχων,
1046 3070 1206 3132 quae
1248 3059 1392 3114 sunt
1431 3051 1537 3114 vs.
1577 3052 1720 3128 863,
1767 3062 1968 3119 mente
2012 3056 2338 3139 supplere:

79 3144 298 3243 ὄρνιξ,
352 3156 417 3219 id
461 3156 631 3237 quod
688 3154 839 3217 mihi
882 3154 1133 3237 quidem·
1188 3155 1404 3235 paullo
1449 3156 1658 3219 durius
1701 3156 1965 3225 videtur.
2009 3196 2090 3207 —-
2156 3162 2340 3237 Qua-

16 3261 19 3394 ]
77 3279 371 3322 rumnam
411 3260 614 3323 avium
654 3275 990 3339 personam
1013 3256 1344 3355 induerint
1383 3262 1694 3361 sacerdos·
1723 3270 1788 3357 et
1829 3262 2123 3340 camillus,
2165 3264 2337 3325 diffi-

16 3397 19 3488 ἱ
84 3364 206 3426 cile
253 3371 352 3426 est
386 3363 571 3424 dictu.
637 3362 840 3436 Quum
872 3369 1131 3440 constet,
1173 3364 1482 3426 Mercurio
1519 3383 1599 3427 ex
1641 3364 1855 3427 avibus
1895 3383 2110 3428 sacros
2145 3364 2337 3459 {fuisse

16 3497 18 3502 ·
76 3464 387 3547 imprimis
432 3463 660 3547 gallum
705 3465 1113 3547 gallinaceum
1156 3475 1219 3531 et
1284 3465 1504 3542 larum,
1551 3464 1776 3528 existat
1835 3465 2048 3528 forsan
2091 3466 2334 3546 aliquis,

16 3595 18 3606 =
78 3570 188 3652 qui
234 3569 317 3631 de
359 3554 457 3631 his
500 3568 717 3632 avibus
786 3557 1179 3652 cogitandum
1236 3558 1375 3634 esse
1418 3566 1748 3651 probabile
1813 3560 2015 3630 ducat.
2103 3570 2229 3633 Sed
2269 3570 2340 3631 in

76 3675 203 3736 hac
247 3690 471 3735 caussa
509 3671 746 3734 incerta
787 3678 929 3734 sunt
971 3674 1199 3747 omnia.
1286 3657 1515 3739 Contra
1577 3686 1764 3755 quum
1809 3677 2042 3734 certum
2085 3672 2338 3756 quide-m

79 3778 191 3851 sit,
241 3794 500 3838 corvum
544 3772 853 3837 tibicinem
896 3773 1117 3850 fuisse,
1177 3782 1384 3840 tamen
1444 3797 1648 3861 neque
1705 3794 1742 3839 a
1785 3782 1976 3858 poeta
2017 3776 2336 3861 significa-

76 3888 205 3941 tum
255 3884 354 3941 est
396 3877 705 3958 expressis
748 3875 973 3955 verbiS,
1017 3866 1219 3959 neque
1259 3900 1413 3944 vero
1447 3884 1610 3945 ultro
1650 3891 1925 3967 apparet,
1971 3884 2074 3963 qui
2110 3870 2339 3945 factum

76 3980 183 4055 sit,
230 3987 303 4042 ut
342 3979 491 4043 huic
531 3978 914 4060 potissimum
959 3982 1058 4044 avi
1100 3983 1418 4065 negotium
1458 3985 1630 4049 tibiis·
1669 3973 1932 4051 canendi
1999 3985 2080 4047 sit
2139 3984 2340 4048 tribu-

78 4091 226 4145 tum.
315 4084 475 4145 Num
516 4084 701 4167 igitur
740 4084 864 4146 hoc
906 4084 971 4144 in
1015 4098 1235 4149 caussa
1280 4096 1430 4165 erat,
1483 4092 1654 4170 quod
1709 4108 1928 4154 corvus
1975 4090 2057 4151 ob
2101 4108 2338 4165 vocem,

72 4208 267 4269 quam
312 4185 473 4263 edit,
530 4195 709 4270 aptus
776 4187 1087 4251 videretur
1141 4192 1223 4253 ad
1296 4192 1580 4261 Μοῦσαν
1621 4191 2069 4279 βαρύβρομον
2124 4186 2342 4259 αὐλῶν

75 4292 255 4374 (Nub.
293 4294 403 4354 Vs.
432 4289 577 4374 313)
616 4290 1073 4355 exhibendam?
1158 4295 1384 4357 Notum
1418 4297 1510 4358 est
1553 4303 1776 4372 autem,
1813 4294 2116 4378 imprimis
2145 4292 2338 4356 tibia-

78 1509 211 1571 899
252 1504 437 1588 sqq-3
478 1523 698 1589 porro,
762 1524 892 1567 non
952 1523 1109 1588 opus
1181 1526 1321 1575 esse
1383 1515 1452 1571 ut
1497 1515 1760 1591 propter
1809 1511 1914 1573 Vs.
1947 1511 2076 1574 850
2135 1509 2346 1591 plures
2463 1542 2474 1551 -
