2759 5084
483 357 588 418 ille
637 357 752 431 111,
789 357 862 432 9,
921 358 1026 421 hic
1073 359 1242 434 vm,
1285 357 1356 433 2,
1429 363 1613 438 atque
1672 357 2003 424 Salmasius
2058 361 2465 424 Plinianarum
2520 380 2669 422 exer-

489 459 841 521 citationum
895 461 1104 523 Vol.1.
1161 482 1223 542 p.
1253 459 1398 524 612.
1504 461 1784 542 Denique
1838 463 1919 525 de
1972 465 2167 528 altera
2220 482 2429 545 upupa
2478 471 2574 525 aut
2614 463 2672 522 de

489 578 566 623 ea
617 563 752 638 avi,
831 581 990 645 quae
1053 564 1441 648 κατωφαγᾶς
1496 565 1871 646 appellatur,
1944 568 2187 630 aliunde
2248 568 2497 649 quidem
2546 585 2673 627 con-

481 671 602 726 stat
651 664 803 726 nihil
853 666 1212 740 illiusmodi,
1269 667 1385 729 sed
1436 667 1621 730 etiam
1672 670 1785 730 has
1840 677 2125 733 externas
2178 671 2365 732 fuisse
2416 688 2557 733 aves
2597 668 2673 728 vel
2725 663 2726 680 ³

483 785 562 828 ex
603 785 682 828 eo
727 768 952 843 elucet,
1013 767 1178 850 quod
1221 787 1421 849 aeque
1464 777 1649 850 atque
1694 772 1853 832 duae
1894 773 2129 853 primae
2168 773 2313 834 illae
2354 773 2675 853 ignorantur

477 868 579 930 vel
619 888 656 931 a
698 871 1082 935 Pisthetaero
1101 919 1116 948 ,
1184 873 1278 934 cui
1321 872 1549 934 Atticas
1604 890 1751 936 aves
1806 893 2021 937 omnes
2076 883 2251 938 notas
2310 875 2499 936 fuisse
2548 873 2676 934 infra

479 972 892 1035 ostendemus.
987 976 1122 1036 Jam
1171 992 1324 1037 vero
1379 979 1647 1049 constat,
1708 977 2004 1050 musicoS‚
2064 976 2358 1057 imprimis
2410 976 2675 1048 tibicines,

478 1076 645 1158 apud
684 1076 1088 1138 Athenienses
1133 1095 1210 1138 eo
1253 1077 1390 1158 ipso
1434 1085 1749 1158 tempore,
1800 1097 1923 1159 quo
1966 1079 2125 1140 haec
2168 1086 2305 1140 acta
2346 1078 2554 1140 fabula
2590 1083 2676 1149 est,

475 1184 543 1240 ut
591 1178 919 1259 plurimum
968 1179 1158 1242 fuisse
1209 1179 1573 1264 peregrinos
1589 1229 1604 1256 ,
1660 1181 1740 1243 de
1784 1202 1907 1263 quo
1950 1184 2097 1245 satis
2138 1181 2345 1244 habeo
2396 1183 2678 1265 relegasse
2725 1211 2726 1222 κ

475 1280 556 1342 ad
605 1298 712 1356 ea,
781 1299 941 1362 quae
993 1281 1324 1362 disputavit
1371 1283 1759 1366 Boettigerus
1812 1285 2051 1347 dissert.
2067 1331 2083 1360 ,
2152 1301 2309 1365 quae
2358 1284 2678 1347 inscribitur

479 1384 710 1446 «Pallas
751 1385 983 1448 Musica
1025 1382 1150 1446 und
1191 1385 1445 1466 Apollo,
1501 1388 1614 1448 der
1652 1387 2205 1471 Marsyastodter‚»
2252 1387 2457 1468 script.
2487 1387 2678 1448 minor.

472 1487 684 1550 v01.1.
727 1507 788 1569 p.
817 1489 891 1549 ll
921 1506 1015 1566 sq.
1059 1494 1122 1550 et
1160 1508 1222 1568 p.
1245 1487 1358 1560 36,
1410 1497 1475 1550 et
1514 1488 1597 1549 ad
1636 1489 2100 1571 inscriptionum
2139 1488 2502 1566 Atticarum,
2546 1505 2679 1569 quae

467 1611 630 1654 nunc
673 1589 930 1654 collecta
970 1590 1360 1672 reperiuntur
1402 1591 1466 1652 in
1502 1589 1791 1674 Corporis
1834 1593 2297 1675 inscriptionum
2328 1593 2681 1656 Graecarum

477 1694 606 1756 Vol.
635 1694 683 1754 1.
736 1694 801 1756 Ρ.
827 1694 934 1770 Π.,
991 1693 1248 1756 classem
1291 1693 1581 1774 quintam.
1600 1729 1688 1740 --
1750 1696 1979 1757 ‘Porro
2038 1711 2280 1770 omnes,
2346 1695 2426 1758 de
2484 1694 2681 1777 quibus

465 1813 672 1857 sermo
731 1803 858 1870 est,
935 1813 1082 1860 aves
1137 1796 1453 1858 coloratae
1510 1803 1686 1858 erant
1742 1797 1845 1861 vel
1898 1795 2355 1860 versicolorem·
2423 1794 2681 1860 Phoeni·-

467 1902 784 1976 ccpterum
843 1915 1080 1976 pennas
1148 1915 1493 1977 purpureas
1552 1897 1790 1960 habere
1808 1945 1826 1974 ,
1900 1898 2101 1979 ipsum
2158 1917 2383 1962 nomen
2442 1898 2682 1971 indicam

465 1996 724 2072 accedit,
769 1998 938 2078 quod
979 2000 1082 2061 Vs.
1111 1999 1234 2060 272
1277 2007 1533 2062 vocatur
1567 2003 1953 2082 φοινικιοῦς.
2035 2003 2129 2064 De
2162 2003 2325 2083 gallo
2360 2001 2681 2085 gallinaceo

461 2116 560 2158 res
612 2108 762 2161 nota
810 2100 874 2161 in
913 2101 1130 2184 vulgus
1174 2106 1284 2162 est.
1380 2101 1535 2162 Item
1580 2101 1661 2162 de
1702 2120 1929 2183 upupa.
2026 2104 2357 2166 Praeterea
2400 2103 2499 2166 vel
2540 2102 2683 2164 hanc

460 2201 658 2262 solam
705 2214 884 2262 avem
925 2201 1027 2263 vel
1076 2201 1240 2262 hauc
1282 2207 1344 2261 et
1384 2199 1565 2262 simul
1616 2199 1753 2262 illas
1798 2201 1949 2264 duas
1994 2203 2301 2266 coloratas
2346 2223 2517 2280 esse,
2580 2223 2683 2264 ex-

456 2303 686 2384 pressis
728 2302 933 2366 verhis
976 2300 1348 2388 significatur
1389 2302 1496 2364 Vs.
1526 2301 1671 2364 287.
1764 2303 2045 2385 Denique
2090 2306 2275 2368 etiam
2316 2325 2455 2371 eam
2496 2323 2683 2375 avem,

459 2406 554 2468 cui
597 2423 824 2468 nomen
858 2407 1252 2491 κατωφαγᾶς
1283 2412 1422 2468 erat
1459 2403 1746 2481 inditum,
1790 2407 2131 2471 coloratam
2170 2410 2363 2472 fuisse
2404 2410 2503 2475 vel
2542 2427 2684 2470 ver-

457 2513 812 2589 sicolorem,
867 2532 946 2576 ex
984 2513 1109 2576 hoc
1149 2510 1376 2575 eodem
1419 2531 1603 2574 versu
1644 2521 1930 2594 apparet,
1984 2535 2107 2595 quo
2150 2515 2309 2578 haec
2348 2534 2451 2578 res
2494 2534 2687 2596 aeque

458 2625 704 2679 notatur
757 2622 821 2677 et
875 2616 1129 2676 effertur
1183 2631 1222 2675 a
1274 2615 1657 2676 Pisthetaero
1714 2622 1897 2694 atque
1952 2617 2057 2678 Vs.
2090 2617 2213 2678 275
2227 2662 2245 2690 ,
2312 2635 2457 2680 aves
2512 2617 2689 2678 terris

457 2717 680 2779 exteris
733 2737 870 2782 esse
924 2715 1234 2779 oriundas.
1333 2716 1517 2795 Atqui
1560 2715 1940 2777 notissimum
1982 2725 2105 2792 est,
2164 2717 2429 2779 musicos
2468 2721 2693 2781 ¹vestitu

455 2839 728 2904 purpura
769 2820 1027 2902 aliisque
1069 2818 1381 2882 coloribus
1398 2859 1409 2865 -
1426 2819 1613 2880 tincto
1657 2837 1803 2882 usos
1846 2819 2067 2895 fuisse,
2110 2818 2191 2884 de
2226 2838 2350 2900 quo
2384 2819 2495 2882 cfr.
2528 2839 2691 2900 quae

453 2930 894 3007 congesserunt
952 2921 1340 2984 Bartholinus
1360 2969 1377 2997 ,
1455 2921 1533 2982 de
1592 2920 1755 2983 tibiis
1814 2923 1929 2998 111,
1972 2923 2047 3002 4;
2122 2922 2495 3006 Bulengerus
2513 2969 2531 2998 ‚
2616 2927 2689 2986 de

451 3029 695 3090 theatro
747 3026 805 3102 1,
841 3027 922 3088 55
979 3033 1043 3089 et
1091 3025 1177 3101 11,
1217 3027 1330 3103 403
1402 3026 1478 3101 ii,
1540 3025 1620 3087 ad
1676 3044 1832 3106 quos
1887 3025 2248 3107 provocavit
2300 3025 2685 3106 Boettigerus

451 3131 760 3212 explicans
823 3129 1236 3214 anaglyphum
1304 3131 1500 3194 musei
1562 3131 1943 3212 Napoleonei
2008 3149 2219 3210 opusc.
2269 3129 2374 3192 lat.
2432 3148 2469 3191 a
2524 3132 2683 3192 Iulio

449 3232 684 3314 Silligio
721 3231 956 3295 collect.
985 3240 1048 3294 et
1075 3231 1220 3295 edit.
1262 3253 1323 3314 p.
1345 3234 1471 3295 407
1483 3253 1501 3309 ;
1544 3239 1635 3307 et,
1680 3251 1717 3294 e
1751 3231 2155 3294 monumentis
2188 3231 2365 3305 artis,
2407 3231 2679 3314 picturae

447 3354 573 3398 non
629 3341 756 3398 tam
809 3355 1131 3412 vasorum,
1201 3353 1573 3417 quamquam
1624 3335 1687 3395 in
1741 3335 1815 3396 iis
1868 3332 2041 3396 haud
2091 3351 2236 3396 raro
2289 3334 2571 3398 tibicines
2625 3343 2679 3396 et

445 3439 795 3504 citharistae
837 3439 1281 3521 repraesentati
1323 3445 1492 3511 sunt,
1538 3453 1723 3518 quam
1763 3437 2066 3518 parietum
2107 3434 2294 3510 taleS,
2348 3438 2545 3518 qualis
2590 3446 2677 3500 est

441 3547 578 3620 illa,
637 3564 795 3625 quae
833 3545 1137 3625 reperitur
1178 3545 1242 3606 in
1281 3544 1379 3606 his
1424 3542 1627 3604 libris:
1690 3541 2030 3604 «Antichita
2066 3540 2127 3602 di
2158 3540 2429 3617 Ercol.,»
2489 3543 2673 3603 T.1v.

442 3647 567 3709 tab.
596 3645 710 3722 42;
759 3647 1011 3708 «Museo
1054 3646 1390 3719 Borbon.‚»
1440 3647 1509 3706 T.
1530 3644 1577 3705 1.
1623 3644 1744 3706 tab.
1770 3644 1884 3722 313
1924 3644 1989 3706 in
2032 3641 2349 3706 Zahniano
2390 3642 2529 3719 illo,
2576 3644 2673 3725 qui

439 3745 816 3810 inscribitur:
893 3769 924 3806 α
941 3747 1055 3810 Die
1119 3746 1449 3810 sehunsten
1508 3745 1885 3809 Ornamente
1942 3745 2067 3806 und
2126 3745 2673 3828 merkwiirdigsten

441 3848 775 3913 Gemiflde»
825 3854 968 3923 etc„
1019 3851 1190 3912 Fasc.
1219 3849 1376 3912 vm.
1420 3849 1545 3911 tab.
1574 3847 1733 3911 vm.
1776 3848 1901 3912 tab.
1930 3849 2041 3924 78,
2094 3849 2361 3928 denique
2402 3848 2465 3910 in
2512 3851 2669 3910 Ter-

435 3952 664 4014 nitiano
719 3952 1023 4033 parietum
1067 3953 1334 4033 picturas
1375 3954 1783 4036 Pompejanas
1829 3961 1892 4017 et
1930 3953 2429 4016 Herculanenses-
2466 3954 2666 4016 conti-

435 4060 620 4115 nente
635 4100 650 4127 ,
695 4055 863 4137 cujus
906 4054 1169 4136 primum
1208 4056 1567 4119 fasciculum
1602 4055 2051 4118 commentariis
2092 4055 2415 4118 illustravit
2452 4057 2665 4118 beatus

435 4154 511 4217 Ο.
543 4155 904 4232 Muellerus,
947 4156 1118 4219 Fasc.
1143 4157 1188 4219 1.
1235 4159 1358 4221 tab.
1384 4159 1452 4235 83
1498 4163 1560 4219 et
1600 4157 1895 4239 imprimis
1938 4159 2071 4234 illa,
2114 4175 2300 4238 quam
2341 4157 2667 4238 publicavit

431 4259 638 4322 Pacho
657 4306 672 4336 ,
735 4260 1036 4346 «voyage
1091 4261 1244 4324 dans
1303 4262 1366 4326 la
1418 4261 1866 4344 Marmarique,
1928 4263 1989 4326 la
2044 4260 2425 4347 Cyrenaique
2444 4285 2474 4320 ›>
2536 4269 2661 4335 etc„
