2759 5084
35 174 39 365 J

1019 191 1484 257 -129—

114 364 485 449 Protogenia
544 372 695 429 natu
748 371 843 442 et,
899 368 969 427 ut
1032 362 1366 447 probabile
1427 368 1558 440 est,
1619 362 1916 449 dignitate
1981 364 2166 429 fuerit
2225 382 2371 428 ma-

110 470 239 551 jor,
294 486 427 530 non
478 475 691 551 potest
728 486 861 529 non
900 466 1103 531 videri
1146 467 1389 531 mirum.
1477 466 1603 529 Sed
1645 468 1888 531 desinet
1928 487 2030 532 res
2072 468 2230 531 mira
2269 467 2374 533 vi-

116 571 275 647 deri,
346 570 401 632 si
456 570 890 651 Protogeniam
947 569 1205 652 proprie
1249 569 1484 631 nullam
1526 567 1730 645 aliam,
1775 589 1960 651 quam
1999 571 2200 654 ipsam
2241 572 2372 635 Mi-

114 692 391 749 nervam,
435 690 579 735 esse
636 678 949 753 sumptum
1006 672 1230 749 fuerit,
1290 679 1357 734 et
1396 692 1616 737 revera
1657 672 1792 751 ini,
1871 682 2088 756 utpote
2149 675 2375 757 majori

116 776 368 852 numini,
412 792 668 839 vaccam
710 794 853 837 esse
880 775 1281 839 immolatam.
1368 776 1520 839 Cum
1565 794 1688 858 qua
1745 778 2110 859 conjectura
2150 775 2374 838 eximie

114 878 427 961 congruit,
472 878 643 959 quod
705 879 892 940 etiam
933 879 1261 941 Pandorac
1321 898 1612 943 sororem
1651 878 1943 940 Basiliam
1999 877 2166 959 apud
2207 879 2374 941 Dio-

35 1028 37 1047 l
111 980 333 1041 dorum
375 979 641 1063 legimus
702 980 977 1044 omnium
1048 980 1225 1044 Coeli
1280 988 1470 1064 atque
1527 982 1784 1044 Titaeae
1839 979 2184 1043 liberorum
2225 988 2378 1043 natu

35 1148 37 1155 ,
110 1082 443 1159 maximam
486 1102 646 1147 esse.
729 1084 1022 1161 Omnino,
1063 1084 1265 1168 ipsam
1302 1084 1566 1147 Atticam
1597 1085 1940 1148 Minervam
1976 1083 2172 1147 fuisse
2215 1100 2377 1158 eam,

110 1203 277 1267 quae
328 1185 653 1252 ,Βασίλεια
694 1186 830 1249 sive
888 1187 1170 1261 Βασιλὶς
1230 1186 1820 1268 cognominabatur,
1895 1184 2088 1248 fidem
2143 1186 2376 1250 faciunt

109 1288 302 1349 etiam
342 1290 606 1351 Tzetzae
648 1288 839 1353 verba
882 1288 1099 1371 paullo
1142 1309 1331 1372 supra
1374 1295 1666 1365 tractata,
1711 1286 1765 1351 si
1807 1306 1956 1351 vera
1998 1296 2167 1365 sunt,
2213 1308 2376 1371 quae

109 1388 189 1451 dc
234 1388 313 1450 iis
356 1387 822 1473 disputavimus.
923 1393 1155 1454 Verum
1207 1393 1369 1455 haec
1412 1392 1721 1456 indicasse
1763 1392 1978 1475 magis,
2023 1412 2211 1475 quam
2256 1414 2376 1457 ex-

35 1518 37 1585 3
106 1492 418 1575 posuisse,
460 1493 589 1555 hoc
628 1490 775 1555 loco
818 1493 967 1557 satis
1008 1493 1241 1557 habeo.
1325 1493 1664 1557 Videamus
1701 1495 1864 1577 jam,
1923 1514 2070 1558 num
2109 1514 2270 1577 quae
2312 1498 2376 1559 in

106 1595 238 1658 hac
278 1594 415 1676 ipsa
454 1595 675 1657 fabula
712 1595 899 1660 insint
942 1617 1019 1661 eo
1066 1597 1355 1661 ducentia
1380 1644 1398 1672 ,
1442 1604 1511 1659 ut
1551 1577 1632 1657 ab
1675 1595 1800 1657 hoc
1846 1605 2042 1677 poeta
2081 1598 2378 1663 Basiliam

107 1699 353 1763 nullam
396 1696 581 1761 aliam
624 1697 905 1761 habitam
946 1717 1117 1774 esse,
1181 1716 1368 1781 quam
1425 1697 1786 1773 Minervam,
1827 1718 2163 1761 sumamus,
2245 1701 2380 1763 Ini-

110 1802 271 1864 tium
314 1802 633 1884 capiamus
678 1821 717 1864 a
758 1804 1065 1865 sententia
1106 1801 1455 1883 Euphronii
1500 1802 1838 1865 tractanda.
1923 1804 1980 1864 ls
2026 1823 2216 1885 quum
2248 1803 2380 1866 Ba-

107 1905 323 1967 siliam
365 1903 535 1966 Jovis
578 1901 775 1985 filiam
818 1903 1078 1980 dixerit,
1123 1903 1458 1984 quaeritur,
1503 1908 1706 1965 utrum
1749 1902 1814 1965 id
1857 1903 2078 1967 fecerit
2121 1904 2200 1967 ab
2241 1904 2379 1969 aliis

108 2005 339 2069 doctus
384 2023 465 2068 an
510 2005 729 2068 ductus
770 2006 845 2067 iis
887 2006 1069 2087 ipsiS,
1135 2022 1298 2088 quae
1343 2006 1512 2086 apud
1553 2005 1720 2069 hunc
1772 2012 2028 2089 poetam
2073 2006 2153 2069 de
2193 2007 2382 2071 Basi-

105 2108 203 2168 lia
248 2115 391 2170 sunt
430 2094 635 2190 posita
648 2128 667 2184 ;
730 2127 964 2191 porro:
1023 2126 1210 2191 quam
1264 2108 1435 2171 Iovis
1477 2106 1674 2171 filiam
1714 2106 2110 2171 intellexerit.
2195 2108 2384 2185 Quod

114 2208 205 2269 ad
248 2207 415 2271 hauc
457 2209 715 2274 alteram
758 2210 979 2273 attinet
1019 2210 1448 2292 quaestionem
1468 2258 1485 2288 ,
1529 2210 1902 2274 scholiastes
1923 2256 1942 2288 ,
2004 2211 2108 2293 qui
2153 2210 2233 2275 de
2275 2211 2387 2277 illa

108 2310 469 2391 Euphronii
520 2314 827 2377 sententia
867 2312 1135 2388 rettulit,
1181 2314 1567 2375 existimasse
1609 2313 1885 2388 videtur,
1942 2313 2109 2375 hunc
2151 2315 2387 2377 nullam

35 2450 37 2497 g
110 2412 313 2475 aliam
350 2412 763 2477 intellexissse
781 2461 799 2490 ,
862 2432 1051 2495 quam
1109 2413 1473 2476 Minervam.
1556 2412 1962 2476 Accuratiora
2019 2415 2098 2477 de
2151 2417 2272 2479 hac
2315 2434 2386 2478 re

35 2538 38 2583 ῑ
112 2535 251 2578 non
293 2524 560 2597 possunt
602 2517 779 2579 effici.
864 2518 960 2579 De
1003 2514 1215 2597 priore
1254 2513 1365 2575 illo
1423 2512 1610 2577 etiam
1653 2516 1849 2597 magis
1896 2515 2084 2577 dubia
2125 2536 2227 2580 res
2271 2524 2385 2581 est.

110 2620 285 2681 Fieri
325 2638 671 2703 sanequam
734 2619 968 2702 optime
1020 2625 1265 2703 potest,
1319 2624 1392 2680 ut
1442 2618 1836 2700 Euphronius
1891 2636 2070 2681 suam
2125 2612 2386 2683 senten-

37 2764 39 2785 .
118 2722 275 2785 tiam
318 2720 571 2786 aliunde
613 2724 897 2788 hauserit
938 2732 1005 2787 et
1044 2730 1331 2786 auctores
1373 2722 1528 2786 satis
1590 2722 1936 2803 locupletes
1979 2732 2228 2786 secutus
2270 2724 2385 2800 sit;

118 2824 241 2887 sed
276 2827 803 2909 negarinequit,
868 2846 1057 2908 posse
1102 2826 1289 2889 etiam
1330 2824 1474 2887 fieri
1495 2872 1512 2901 ,
1585 2832 1654 2887 ut
1703 2824 1878 2885 nullo
1935 2844 2084 2887 usus
2129 2826 2209 2887 sit
2260 2827 2381 2889 nisi

37 2944 39 2989 ;
115 2928 249 2989 hoc
290 2936 501 3010 poeta.
580 2930 747 2993 Ecce
788 2930 901 2992 tibi
941 2930 1186 3007 locum,
1248 2928 1355 3010 qui
1400 2936 1496 2992 est
1538 2930 1642 2991 vs.
1695 2926 1860 2990 1752
1901 2934 1966 2991 et
2011 2928 2214 3005 1753,
2273 2927 2381 2991 ubi

37 3066 39 3071 ·
117 3030 285 3091 haec
326 3031 538 3112 posita
578 3038 721 3094 sunt
777 3033 856 3094 de
896 3032 1313 3095 Pisthetaero:

296 3125 419 3198 Διά
464 3132 535 3199 os*
576 3126 659 3198 τοὶ
706 3125 935 3202 πάντα
980 3130 1313 3220 κρατήσας

296 3235 405 3301 καὶ
451 3227 781 3321 πάρεδρον
822 3237 1187 3306 Βασίλειαν
1242 3242 1371 3326 ἔχει
1417 3233 1592 3313 Διός.

39 3350 41 3385 ³
123 3336 303 3397 Haec
342 3338 535 3399 verba
571 3340 867 3405 facillime
889 3343 979 3405 ita
1008 3341 1205 3423 accipi
1246 3351 1528 3424 possunt,
1560 3349 1628 3406 ut
1658 3342 1887 3406 chorus
1912 3342 2098 3421 dicat,
2132 3342 2385 3407 Pisthe-

123 3445 368 3501 taerum
410 3440 647 3501 sociam
706 3442 947 3507 babere
988 3446 1277 3508 Basiliam
1317 3445 1490 3507 Jovis
1545 3443 1758 3506 filiam.
1861 3444 2062 3526 Vulgo
2119 3446 2206 3508 ita
2267 3465 2384 3509 ca-

123 3539 417 3620 piuntur,
476 3540 655 3620 quasi
696 3551 889 3623 poeta
930 3548 1137 3627 potius
1198 3548 1506 3611 dicentem
1549 3546 1765 3610 fecerit
1807 3546 2089 3624 chorum,
2132 3548 2384 3613 Pisthe-

122 3650 369 3707 taerum
408 3644 701 3707 Basiliam
740 3644 1011 3726 habere,
1079 3668 1239 3731 quae
1281 3653 1420 3715 Iovi
1462 3649 1751 3713 assideat.
1837 3649 1964 3712 Sed
2007 3651 2226 3715 mirum
2271 3674 2385 3719 es·-

123 3754 258 3823 set,
318 3748 373 3810 si
427 3748 707 3811 Comicus
729 3797 745 3826 ,
799 3748 911 3811 illa
967 3752 1303 3815 verborum
1368 3752 1785 3816 collocatione
1858 3770 2020 3815 usus·
2050 3775 2176 3818 non
2219 3764 2386 3819 esset

126 3870 227 3912 eo.
252 3850 407 3927 fine,
466 3858 535 3914 ut
574 3850 986 3934 significaret,
1028 3850 1324 3917 Basiliam
1364 3854 1536 3917 Iovis
1577 3854 1776 3919 filiam
1827 3872 1982 3919 esse.
2069 3856 2386 3939 Quidquid

123 3952 314 4033 igitur
376 3954 663 4018 statuitur
724 3955 804 4017 de
866 3956 1043 4019 fonte
1059 4003 1084 4034 ,
1148 3974 1227 4018 ex
1280 3974 1409 4037 quo
1452 3957 1852 4039 Euphronius
1892 3957 2174 4021 hauserit
2211 3958 2384 4026 illam

124 4056 433 4134 notitiam,
472 4055 601 4119 hoc
646 4064 883 4121 certum
922 4064 1035 4134 est,
1081 4059 1161 4121 ab
1202 4058 1622 4140 Aristophane
1654 4059 1946 4122 Basiliam
1983 4061 2160 4124 Jovis
2190 4062 2384 4129 filiam

124 4158 407 4222 habitam
443 4177 601 4221 esse.
688 4160 815 4223 Sed
849 4179 1177 4243 quamnam
1206 4159 1315 4225 ine
1349 4159 1654 4223 intellexit
1692 4162 1862 4224 Iovis
1901 4162 2095 4227 filiam
2122 4168 2384 4232 eandem

127 4260 446 4343 virginem,
490 4294 575 4311 --
635 4280 781 4325 nam
824 4260 985 4350 κόρη
1026 4265 1275 4349 saepius
1337 4262 1690 4347 appellatur
1730 4264 1979 4343 Basilia,
2019 4282 2122 4315 ‘—
2183 4276 2385 4335 utrum
