2759 5084
1143 1041 1282 1152 '1.

262 1268 578 1346 Disputatur
627 1268 694 1320 de
736 1268 1001 1340 scriptura
1047 1267 1140 1320 Vs.
1173 1268 1202 1316 6
1253 1269 1426 1336 deque
1472 1267 1713 1326 ratione,
1770 1279 1872 1334 qua
1920 1263 1983 1312 :ul
2028 1278 2213 1332 rupen

851 1357 1034 1410 affixus
1081 1358 1246 1410 fuerit
1281 1355 1645 1409 Prometheus.

363 1508 744 1596 “Ἠφαιστε,
797 1513 898 1577 σοὶ
945 1509 1018 1579 δὲ
1067 1505 1185 1599 χρή
1238 1511 1471 1596 μέλειν
1513 1503 1898 1584 ἐπιστολάς,

373 1611 455 1686 ἅς
493 1637 596 1680 σοι
641 1611 866 1698 πατήρ
906 1620 1160 1700 emano,
1213 1611 1407 1681 τόνδε
1449 1606 1619 1696 πρὸς
1658 1611 1935 1693 πέτραις

370 1710 922 1800 ὑψηλοκρήμνοις
957 1709 1086 1784 τὸν
1130 1707 1413 1800 λεωργὸν
1456 1707 1747 1799 ὀχμάσαι

379 1807 854 1900 ἀδαμαντίνων
909 1816 1164 1898 δεσμῶν
1218 1819 1294 1880 ἐν
1337 1806 1681 1901 &Quone
1730 1811 1986 1887 πέδαις.

119 1917 356 1992 Verba,
382 1935 543 1996 quae
565 1915 780 1978 ultimo
797 1933 982 1980 versu
1005 1915 1305 1996 leguntur,
1334 1933 1460 1976 non
1482 1915 1779 1978 librorum
1802 1933 1980 1976 mser.
2002 1915 2371 2000 Aeschylio·

117 2040 262 2080 rum
306 2019 576 2082 nituntur
617 2017 773 2093 fide,
817 2017 928 2080 sed
973 2037 1008 2079 e
1051 2015 1289 2080 scholio
1335 2016 1416 2080 ad
1450 2017 1877 2098 Aristophanis
1912 2020 2059 2080 Ran.
2104 2021 2207 2080 Vs.
2229 2019 2373 2092 827,

121 2123 230 2182 ubi
276 2121 376 2182 hic
418 2121 590 2182 loeus
635 2120 882 2197 citatur,
939 2129 1076 2184 sunt
1117 2121 1328 2201 petita.
1416 2117 1675 2182 Codices
1718 2119 2021 2199 praebent
2064 2113 2375 2202 α’δαμαν-

117 2221 338 2296 πίνοις
385 2223 486 2283 vel
537 2215 1041 2308 ἀδαμαντίνοις»
1088 2221 1188 2284 vel
1245 2213 1719 2305 sideman-ivm
1768 2218 2051 2308 πέδῃσιν
2099 2222 2201 2284 vel
2246 2221 2374 2290 πέ-

117 2323 345 2390 δαισιν
391 2323 493 2383 vel
535 2319 766 2394 πέδαις
807 2325 879 2388 ἐν
921 2314 1265 2407 α’ρῤήιυτοις
1293 2319 1620 2405 πέτραις,
1665 2321 1750 2382 ita
1796 2321 2045 2402 quidem
2087 2331 2155 2386 ut
2196 2326 2271 2386 ἐν
2311 2323 2375 2384 in

113 2426 431 2487 nonnullis
474 2444 603 2484 non
653 2431 970 2506 appareat.
1073 2424 1142 2484 ln
1185 2423 1322 2486 cod.
1369 2423 1631 2504 Guelph.
1675 2423 1953 2508 πέτραις
1994 2441 2239 2488 erasnm
2280 2435 2379 2490 est

117 2537 182 2588 et
243 2528 304 2586 in
361 2525 628 2586 Vindob.
685 2524 751 2584 G.
808 2531 872 2584 et
923 2525 1102 2584 Fam.
1146 2524 1214 2584 in
1272 2525 1433 2606 λέγω
1486 2532 1783 2586 mutatum
1838 2525 1919 2585 ab
1974 2523 2079 2600 iis,
2152 2530 2257 2607 qui
2308 2529 2375 2590 in

115 2629 393 2716 repetito·
425 2625 752 2690 vocabulo,
779 2625 1184 2689 offenderent.
1274 2625 1489 2700 Quivis
1522 2645 1676 2687 unus
1692 2673 1708 2701 ‚
1752 2627 1857 2708 qui
1890 2637 2175 2691 accurate
2207 2641 2375 2711 p’en—

114 2731 426 2808 sitaverit,
491 2737 876 2811 quantopere
931 2727 1214 2790 codicum
1267 2727 1570 2791 lectiones·
1624 2731 2009 2793 consentiant
2051 2741 2113 2794 et
2154 2734 2235 2796 ab
2280 2753 2375 2808 ea,

115 2832 290 2914 quave
337 2852 404 2894 ·a.
442 2831 776 2896 scholiasta
829 2831 1268 2912 Aristophanio
1339 2831 1565 2893 tradita
1628 2840 1721 2893 est
1738 2879 1754 2907 ,
1826 2832 2179 2916 discrepent
2196 2881 2213 2911 ,
2284 2837 2373 2898 illi

117 2937 410 2999 codicum
453 2936 776 2998 consensui
817 2935 953 3016 plus
996 2933 1394 2997 tribuendum
1432 2953 1570 2995 esse
1606 2935 1911 3010 censebit,
1956 2955 2141 3016 quam
2174 2937 2373 3000 scho-

118 3040 366 3114 liastae;
408 3035 876 3118 laudandusque
895 3034 1328 3113 Schneidorus,
1363 3036 1725 3116 ceteroquin
1750 3035 1854 3096 ille
1881 3056 2005 3100 non
2038 3055 2189 3100 sane
2227 3039 2373 3102 lau·-

117 3137 352 3201 ‹lahilis
397 3136 859 3221 Aeschyliarum
907 3139 1306 3219 reliquiarum
1351 3140 1586 3215 editor,
1645 3139 1843 3220 quod,
1900 3161 2086 3222 quum
2128 3144 2374 3224 priores

115 3241 480 3305 Promethei
523 3241 794 3303 editores
837 3273 922 3288 --·
957 3241 1181 3322 opinor
1225 3261 1364 3306 eam
1405 3241 1703 3322 imprimis
1740 3243 1825 3304 ob
1862 3261 2160 3320 caussam,
2206 3243 2375 3326 qnod

116 3367 154 3406 e
203 3347 508 3426 scriptura
550 3343 830 3407 codicum
874 3364 1051 3406 mser.
1097 3344 1261 3406 hunc
1301 3345 1508 3406 locum
1554 3352 1695 3424 apte
1738 3345 1974 3414 restitui
2017 3367 2142 3408 non
2185 3367 2375 3428 posse

113 3455 530 3528 putarent·--
555 3447 856 3511 librorum
897 3465 1078 3508 mser.
1105 3447 1535 3510 auctoritatem
1570 3465 1695 3508 non
1727 3457 2069 3524 curassent,
2114 3455 2373 3510 contra-

111 3551 280 3610 riam
322 3549 452 3610 iniit
493 3548 654 3611 viam
667 3595 687 3622 ,Α
729 3549 1121 3629 scripturam,
1169 3567 1328 3627 quae
1371 3547 1437 3608 in
1480 3547 1719 3610 scholio
1751 3547 2189 3631 Aristophanio
2225 3569 2372 3613 ser-

113 3658 266 3712 vata
311 3656 432 3724 est,
485 3651 824 3733 conjectori
865 3649 1082 3712 deberi
1121 3649 1422 3732 judicans.
1510 3650 1636 3711 Sed
1682 3667 1865 3730 quam
1908 3651 2043 3730 ipse
2082 3653 2413 3734 probavit·-

113 3750 404 3817 codicum
445 3751 812 3832 scripturam
855 3759 918 3812 et
961 3769 1114 3831 quas
1159 3751 1529 3833 excogitavit
1574 3752 2145 3834 interpretationes,
2204 3760 2371 3816 stare

114 3871 238 3914 eae
309 3853 792 3934 haudquaquam
859 3861 1132 3935 possunt.
1253 3853 1511 3933 Scripsit
1565 3861 1803 3916 autem:
1879 3853 2374 3936 ἀδαμαντίνως

109 3953 401 4040 wadnam
449 3947 799 4042 ἆρ’ῥὴιιτοις
849 3957 1156 4038 πέτραις,
1215 3977 1374 4038 quae
1420 3957 1613 4020 verba
1656 3960 1745 4020 sic
1790 3957 2145 4038 explicavit:
2210 3981 2240 4016 α
2264 3960 2373 4021 mit

108 4057 480 4119 stahlernen
527 4057 779 4141 (festen)
839 4079 916 4121 an
974 4059 1096 4121 den
1138 4061 1358 4124 Felsen
1407 4059 1598 4143 (heim
1641 4060 2052 4140 Einschlagen
2107 4060 2169 4121 in
2225 4061 2367 4122 die-

107 4158 365 4240 selhen)
413 4161 580 4224 nicht
621 4161 1144 4243 zerspringenden
1174 4163 1425 4226 Fesseln
1472 4163 1627 4226 oder
1672 4163 1779 4226 mit
1813 4162 2069 4224 solchen
2112 4161 2211 4224 die
2248 4163 2367 4222 den

105 4261 342 4322 Felsen
401 4261 570 4326 nicht
627 4284 702 4324 zu
763 4265 1102 4327 entreissen
1162 4265 1354 4327 sind.»
1495 4269 1671 4342 Quae
1745 4269 1797 4328 si
1873 4275 2037 4329 stare
2097 4270 2367 4346 possent,
