2759 5084
1239 281 1354 294 ..-.
1469 263 1551 315 VI
1662 281 1777 294 ..-

387 431 618 537 anni,
683 459 784 513 ex
833 463 999 544 quo
1048 460 1203 544 ego
1252 433 1755 544 optimorum
1800 427 2191 512 sodalitio
2227 405 2632 540 juvenum

387 562 1005 673 philologorum
1075 564 1431 675 praefui.
1574 563 1743 670 Qui
1815 591 2069 673 quum
2135 562 2223 642 in
2293 589 2633 643 conses-

388 693 620 773 sibus
689 694 1040 806 singulis
1107 695 1769 777 hebdomadibus
1832 694 2140 775 habitis
2204 704 2290 774 et
2345 692 2633 804 dispu-

386 833 656 906 tantes
715 824 818 905 de
877 828 1716 910 commentationibus
1763 829 1867 907 ab
1912 826 2120 939 ipsis
2163 824 2504 935 scriptis
2556 835 2637 904 et

389 957 844 1069 scriptores
919 957 1318 1040 classicos
1391 961 2031 1069 interpretantes
2107 954 2211 1039 de
2279 955 2637 1066 singulis

387 1087 519 1170 vel
568 1088 818 1170 rebus
865 1088 996 1170 vel
1039 1089 1253 1171 locis
1301 1119 1433 1172 me
1476 1091 2009 1174 consulerent
2057 1100 2141 1170 et
2178 1116 2333 1198 ego
2383 1087 2635 1169 vicis-

387 1219 548 1302 sim
607 1248 1009 1331 responsa
1073 1220 1402 1327 darem,
1476 1222 1713 1336 plura
1773 1221 2285 1303 disserebam
2343 1219 2635 1300 forsan

389 1380 557 1433 non
645 1353 986 1465 omnino
1063 1352 1455 1466 indigna,
1529 1384 1757 1468 ‚quac
1847 1353 2534 1464 philssiogorum„
2560 1358 2642 1430 et

389 1484 1132 1595 archaeologorum
1193 1486 1282 1569 in
1332 1485 1716 1582 notitiam
1774 1484 2400 1599 perferrentuq,
2499 1483 2641 1567 Ex

389 1615 693 1726 quibus
767 1646 1030 1728 pauca
1103 1618 1419 1730 selegi,
1507 1649 1765 1732 eaque
1844 1618 2123 1730 paullo
2208 1615 2639 1731 copiosius

392 1757 475 1826 et
530 1749 999 1870 accuratius
1057 1760 1405 1839 tractata
1467 1751 1663 1866 Tibi
1721 1749 2029 1853 tradidi
2074 1746 2577 1862 judicanda.

557 1907 818 2014 Vale,
903 1910 1034 1990 vir
1091 1936 1409 1994 summe
1473 1909 1941 1993 venerande
2004 1921 2102 1992 et
2150 1910 2633 1994 carissime'

389 2040 624 2128 Deus
693 2037 802 2122 Ο.
856 2040 986 2122 Μ.
1048 2053 1346 2152 pergat
1402 2041 1602 2126 Tibi
1668 2039 1867 2124 dare
1935 2049 2376 2213 senectam
2425 2041 2636 2124 bila
2732 2077 2735 2125 ε

391 2200 570 2254 rem
629 2182 712 2254 et
768 2170 1174 2257 validam'
1336 2251 1344 2259 .
1476 2235 1485 2243 -

487 2374 526 2394 -·
621 2329 1108 2414 Scribebam
1157 2329 1604 2442 Gottingae
1652 2247 2073 2420 a.d·.V11
2116 2331 2306 2413 nal.
2353 2329 2632 2442 Majas

391 2461 1117 2547 MDCCCXLl-n.
1668 2515 1675 2523 ·
