2759 5084
1304 210 1728 273 ...93-

2717 136 2719 199 4

2718 246 2719 295 1

402 406 563 471 quae
602 384 687 449 ad
726 386 835 449 Vs.
852 383 977 450 56⁵
1018 384 1321 449 adnotata·
1358 368 1768 465 reperiuntur,
1789 406 1870 431 n-
1895 384 1957 441 et
1983 360 2276 460 proinde,³
2309 389 2456 438 num
2478 374 2655 435 alter

402 490 511 554 ille
529 486 917 551 ‘scholiastes
960 487 1267 571 integrum
1310 486 1521 548 locum
1573 481 1812 567 legerit.
1901 481 2050 543 dam
2095 472 2392 561 quod··ad
2423 476 2658 539 'mede-

400 593 529 655 lam
568 589 775 654 versui
816 590 941 653 565
986 588 1367 652 afferendam
1411 588 1655 663 attinet,
1715 602 1816 647 me
1860 570 2112 675 quidem
2148 579 2363 665 judice·
2403 578 2654 643 dubium
2718 628 2719 651 ἢ

402 712 543 755 esse
584 692 819 773 nequit,
864 692 1013 774 quin
1054 708 1173 774 pro
1216 685 1365 777 θύῃ
1403 688 1836 773 reponendum
1879 676 1962 749 sit
1998 678 2181 769 θ’·ὐη
2234 683 2297 745 h.
2343 680 2657 747 editura.

400 794 570 856 Thus
632 802 840 857 autem
902 796 1065 857 inter
1120 812 1223 855 res
1264 790 1498 855 Veneri
1563 791 1810 856 oblatas
1861 788 2133 873 primum
2171 788 2390 849 tenere
2427 775 2656 860 locum,

398 894 789 959 notissimum
840 906 953 974 est,
998 898 1107 961 cfr.
1153 914 1315 978 quae
1360 895 1698 979 disputavit
1736 893 2032 977 Engelius
2069 897 2285 956 noster
2325 888 2492 965 libri,
2533 906 2654 968 quo
2718 892 2719 931 ³

398 993 479 1057 de
518 996 707 1058 rebus
738 997 1107 1081 Cypriorum
1150 997 1474 1078 exposuit,
1515 997 1654 1059 Vol.
1673 998 1749 1059 11.
1791 1018 1854 1079 p.
1889 996 2007 1058 151
2036 1012 2178 1075 sqq.
2262 990 2473 1064 Quum
2507 1006 2654 1051 vero

396 1097 691 1160 vocabuli
730 1096 907 1175 θίος
946 1100 1125 1181 prior
1166 1100 1409 1183 syllaba
1451 1100 1657 1163 brevis
1713 1098 1825 1176 sit,
1887 1094 2255 1181 particulam
2297 1090 2370 1159 δὲ
2421 1091 2488 1155 in
2527 1099 2659 1154 ter-
2718 1122 2719 1135 2

398 1197 487 1261 tia
530 1199 683 1263 sede
728 1202 1109 1267 collocemus
1168 1210 1313 1266 ante
1374 1203 1750 1266 vocabulum
1805 1200 1956 1286 θύη
2015 1205 2290 1281 oportet.
2383 1194 2658 1274 Denique
2718 1241 2719 1283 ἓ

400 1321 527 1366 vox
569 1301 823 1387 nvpoic
886 1326 1034 1370 num
1092 1308 1362 1391 genuina
1417 1307 1497 1371 sit
1549 1308 1736 1371 etiam
1795 1322 1916 1389 ego
1959 1303 2212 1377 dubit03
2275 1306 2658 1382 quamquam,
2718 1304 2719 1313 ’

398 1420 532 1466 nou
576 1424 735 1481 esse,
782 1416 1015 1471 certum
1050 1408 1261 1473 dicere
1302 1429 1434 1473 non
1473 1410 1704 1472 audeo.
1789 1408 2002 1469 Potes-t
2043 1405 2209 1469 enim
2246 1400 2458 1485 objici,
2499 1418 2660 1483 poe-
2718 1476 2719 1487 χ

398 1513 527 1569 tam
568 1506 717 1571 ideo
785 1510 1011 1575 fulicae
1056 1519 1120 1575 et
1162 1512 1329 1575 anati
1389 1530 1574 1573 unam
1633 1508 2018 1590 eandemque
2060 1520 2208 1569 rem*
2231 1504 2512 1567 voluisse
2555 1520 2660 1565 sa-

408 1607 692 1689 crificari,
736 1612 911 1693 quod
955 1608 1325 1678 simillimae
1344 1621 1557 1677 essent
1589 1632 1756 1688 aveS,
1802 1630 1928 1692 quo
1971 1608 2054 1672 de
2099 1608 2208 1673 cfr.
2248 1606 2438 1669 etiam
2467 1606 2662 1668 Athe-

400 1712 545 1773 naei
585 1711 695 1776 lib.
734 1713 852 1779 IX.
892 1734 955 1797 p.
984 1716 1141 1793 395,
1182 1722 1335 1779 sect.
1366 1714 1484 1777 52-
1553 1712 1874 1776 Difficilius
1919 1716 2044 1785 est,
2111 1728 2300 1791 quam
2361 1714 2430 1770 ut
2485 1706 2661 1769 facile

406 1814 906 1892 commendetur,
968 1818 1141 1899 quod
1180 1816 1522 1880 Brunckius
1565 1813 1980 1891 confidenter,
2038 1820 2108 1875 ut
2148 1810 2346 1887 solet,
2389 1809 2662 1881 affirmat,

406 1936 597 1998 quum
647 1918 751 1981 «in
792 1918 1091 1983 alterutro
1128 1940 1373 1996 versu»,
1419 1920 1522 1997 ait,
1573 1934 1827 1981 »vocem
1867 1916 2046 1979 illam
2075 1906 2332 1999 πυροὺς
2375 1912 2458 1976 ab
2499 1910 2662 1973 osci-

406 2026 577 2083 tante
612 2018 875 2083 librario
916 2038 1037 2103 pro
1076 2020 1324 2084 sincera
1362 2020 1490 2083 alia
1519 2019 1832 2081 exaltet-o
1873 2035 2060 2081 versu
2095 2015 2426 2097 repetitam
2465 2014 2663 2091 fuisse,

406 2122 611 2183 statim
672 2122 871 2202 quivis
934 2122 1409 2204 deprehendere
1461 2128 1672 2203 potest
1687 2146 1733 2183 α.
1807 2118 2034 2195 -Quid,
2099 2116 2156 2179 si
2211 2116 2370 2179 illud
2421 2112 2666 2198 πυρούς

408 2220 709 2286 alterutro
752 2240 938 2285 versu
982 2243 1061 2285 ex
1104 2244 1261 2287 voce
1322 2224 1594 2306 quadam
1645 2222 1730 2286 ad
1773 2230 2097 2285 externam
2151 2221 2427 2304 speciem
2469 2216 2662 2282 simil-

407 2324 587 2401 lima,
632 2324 746 2387 sed
788 2325 991 2388 minus
1034 2334 1189 2389 nota
1233 2333 1440 2391 ortum
1485 2344 1624 2390 esse
1679 2325 2172 2408 conjecerimus?
2257 2325 2468 2399 Quum
2509 2322 2664 2385 enim
2718 2366 2719 2389 Ξ

407 2426 655 2510 μῦρος,
724 2427 807 2490 de
860 2446 988 2510 quo
1058 2428 1216 2491 dixit
1268 2428 1628 2499 Athenaeus.
1683 2428 1812 2503 Vll,
1853 2448 1917 2509 p.
1953 2426 2102 2503 312,
2157 2434 2306 2490 sect.
2340 2427 2446 2503 91,
2488 2423 2662 2508 piscis

408 2526 515 2603 sit,
558 2560 643 2579 -
700 2548 937 2594 marem
992 2548 1330 2593 muraenae
1387 2529 1666 2613 appellat
1723 2529 1956 2593 Plinius
2009 2530 2148 2593 Nat.
2206 2528 2363 2591 nist.
2415 2528 2530 2603 lx,
2571 2526 2664 2601 23,
2718 2596 2719 2625 ἶ

410 2631 497 2693 39
538 2664 625 2679 -
679 2633 867 2697 fulica
909 2652 1063 2697 vero
1108 2639 1175 2697 et
1228 2648 1381 2695 anas
1426 2650 1572 2695 aves
1615 2630 1958 2713 palustres,
2025 2650 2154 2693 non
2195 2630 2400 2693 solnm
2441 2628 2664 2694 facilli-
2718 2656 2719 2693 1

410 2750 579 2796 mam
638 2754 853 2799 verum
908 2736 1097 2799 etiam
1160 2736 1541 2817 aptissimam
1597 2734 1831 2797 dixeris
1912 2734 2317 2799 mutationem
2337 2780 2356 2809 ,
2420 2734 2478 2795 si
2539 2731 2662 2813 quis

410 2855 529 2917 pro
576 2832 831 2921 πυρούς
898 2837 1247 2919 scripserit:
1302 2830 1579 2921 μόρους.
1683 2836 1956 2899 Dubium
2014 2856 2144 2901 non
2183 2836 2460 2913 videtur,
2529 2833 2662 2916 quin

415 2958 551 3001 voc.
606 2940 829 3024 μῦρος
880 2941 1167 3021 priorem·
1218 2940 1525 3023 syllabam
1581 2940 1838 3022 longam
1899 2939 2151 3001 habeat.
2255 2938 2500 3001 Monuit
2543 2930 2662 3019 jani

412 3040 742 3104 Passovius
784 3042 931 3103 Lex.
972 3064 1023 3105 s.
1064 3064 1121 3105 v.
1204 3043 1363 3117 Sed,
1421 3050 1492 3104 ut
1540 3040 1700 3106 haec
1745 3041 2098 3105 emendatio
2143 3059 2294 3104 vera
2335 3041 2447 3116 sit,
2505 3038 2660 3101 diffi-

416 3139 539 3205 cile
583 3149 679 3205 est
717 3142 801 3205 ad
838 3144 1273 3226 judicandum,
1332 3146 1396 3208 in
1439 3156 1578 3209 utro
1623 3166 1810 3210 versu
1851 3145 1932 3209 sit
1968 3143 2274 3207 facienda,
2356 3144 2487 3206 Nos
2528 3142 2662 3222 qui-

420 3246 565 3309 dem
604 3245 842 3309 hahere
903 3246 1087 3309 nohis
1150 3246 1469 3323 videmur,
1529 3248 1752 3327 quibus
1795 3247 2150 3311 verosimile
2192 3244 2332 3321 fiat,
2401 3245 2661 3326 priorem

416 3368 662 3411 versum
708 3349 1068 3411 mutandum
1111 3367 1251 3411 esse
1293 3350 1500 3429 potius
1554 3366 1744 3429 quam
1787 3348 2072 3411 alterum.
2111 3384 2200 3399 -
2263 3348 2550 3411 Ceterum
2589 3345 2659 3406 de

414 3449 605 3515 fulica
647 3450 877 3513 Veneri
913 3451 1131 3533 juncta
1172 3460 1422 3533 praeter
1461 3452 1674 3529 locum
1703 3450 2029 3529 Athen-aei,
2075 3452 2180 3532 qui
2225 3457 2320 3513 est
2358 3450 2489 3525 vu,
2531 3449 2659 3522 325,

420 3559 483 3614 et
524 3550 815 3615 scholion
858 3552 941 3615 ad
980 3552 1044 3615 h.
1086 3552 1129 3615 1.
1174 3550 1558 3615 consulenda
1600 3557 1743 3613 sunt
1799 3552 1986 3614 etiam
2047 3552 2356 3615 Eustathii
2397 3553 2658 3615 adnota-

420 3652 509 3739 tio
556 3653 636 3715 ad
676 3656 744 3721 11.
785 3655 861 3731 11,
905 3656 1051 3733 308,
1092 3676 1154 3737 p.
1192 3655 1334 3728 184,
1380 3670 1544 3735 quae
1587 3674 1717 3717 nou
1757 3654 1912 3738 fugit
1951 3655 2278 3737 Eugelium
2321 3655 2402 3716 de
2441 3656 2559 3718 hac
2597 3668 2658 3714 re

422 3755 835 3837 disputantem
870 3759 913 3821 l.
942 3779 993 3822 c.
1036 3782 1099 3842 p.
1129 3759 1271 3836 185,
1316 3765 1379 3821 et
1419 3778 1584 3840 quae
1611 3760 1690 3823 de
1731 3760 1932 3823 fulicis
1969 3760 2034 3821 in
2068 3760 2240 3843 pelta
2281 3758 2476 3823 Sileni
2513 3774 2660 3820 con-

418 3859 644 3939 spicuis
689 3860 930 3925 monuit
972 3860 1350 3929 Gerhardius
1407 3861 1550 3925 libri
1567 3910 1584 3939 ‚
1647 3883 1773 3944 quo
1818 3862 2084 3925 selectas
2130 3864 2434 3943 quasdam
2475 3877 2659 3925 vaso-

418 3978 551 4021 rum
596 3962 865 4049 picturas
902 3968 971 4025 et
1011 3960 1350 4043 publicavit
1393 3968 1454 4025 et
1497 3962 1808 4045 explicuit,
1851 3963 1992 4025 Vol.
2033 3965 2078 4033 l.
2122 3986 2184 4046 p.
2219 3964 2360 4027 219.
2407 3998 2490 4013 --
