2759 5084
1039 208 1511 269 -131—

84 382 269 443 nerit
302 429 321 455 ,
396 380 563 445 inter
610 398 822 445 omnes
868 378 1059 454 deos,
1122 378 1174 439 si
1218 382 1438 443 Iovem
1481 380 1834 463 exceperis,
1905 380 2060 443 nulli
2103 380 2414 447 civitatum

84 484 388 547 tutelam
433 485 536 546 vel
578 502 786 547 rerum
825 480 1217 563 publicarum
1260 483 1864 548 administrationem
1889 468 2240 566 'tantopere
2276 502 2416 545 esse

88 586 335 663 cordi,
388 606 578 669 quam
618 588 970 663 Minervae,
1012 586 1079 649 in
1126 607 1246 669 qua
1293 590 1556 651 eximiae
1600 589 1918 673 potentiae
1964 609 2103 652 cum
2150 589 2414 670 sapien-

90 692 175 751 tia
232 708 327 753 ac
376 690 715 773 prudentia
772 699 1107 756 concentus
1154 692 1629 776 agnoscebatur.
1721 692 1917 755 Simul
1961 691 2070 755 illa
2111 693 2306 755 verba
2348 692 2414 753 in

90 796 499 859 memoriam
557 805 857 859 revocant
920 797 1083 859 haec
1141 794 1430 859 Aristidis
1497 795 1578 858 de
1643 795 1922 857 Minerva
1989 795 2158 857 dicta
2222 815 2283 876 p.
2330 796 2408 857 31

90 898 375 981 steph:
446 898 571 964 τοῦ
623 893 781 975 Διὸς
849 905 1005 985 ἔργα
1058 894 1251 966 κοινοὶ
1317 899 1444 965 τοῦ
1505 890 1662 973 Διὸς
1730 898 1840 964 καὶ
1907 898 2024 983 τῆς
2079 889 2410 983 Ἀθηνᾶς.

92 1001 233 1063 Sed
286 1000 558 1083 objiciat
599 1001 843 1083 aliquiS,
899 1021 1027 1064 non
1074 1001 1350 1083 liquere,
1397 1022 1545 1079 cur,
1607 1004 1662 1065 si
1723 1005 1810 1065 ita
1854 1003 1970 1079 sit,
2029 1010 2220 1089 poeta
2283 1023 2412 1065 non

92 1102 549 1187 appellaverit
613 1107 812 1188 ipsam
879 1105 1263 1180 Minervam,
1330 1104 1443 1167 sed
1503 1106 1756 1167 nomine
1818 1109 2020 1172 minus
2064 1116 2220 1172 noto
2259 1128 2408 1172 usus

94 1209 193 1267 sit.
313 1206 556 1267 Verum
624 1206 712 1269 ita
779 1216 848 1270 ut
914 1213 1167 1290 ageret,
1223 1206 1471 1269 idoneis
1532 1208 1767 1271 caussis
1832 1219 2087 1293 poterat
2149 1213 2406 1275 moveri.

92 1310 361 1373 Etenim
423 1328 655 1371 nomen
710 1310 1034 1377 Βασίλεια
1071 1317 1286 1393 aperte
1328 1308 1778 1393 significantius
1824 1322 1960 1378 erat
2018 1324 2084 1378 et
2146 1315 2229 1377 ad
2272 1334 2406 1377 rem

97 1412 363 1495 aptiae,
401 1430 587 1494 quam
628 1404 925 1496 Ἀθηνᾶ,
968 1413 1135 1476 hanc
1186 1421 1394 1476 autem
1439 1412 1907 1496 intelligendam
1951 1435 2092 1481 esse
2137 1426 2206 1481 ut
2245 1436 2406 1500 per-

102 1516 503 1598 spiceretur,
550 1522 613 1578 et
653 1498 883 1578 fabulis
929 1522 1175 1579 cautum
1222 1528 1359 1583 erat
1403 1527 1466 1583 et
1509 1521 1590 1582 ab
1635 1520 1775 1603 ipso
1835 1526 2029 1601 poeta
2071 1520 2182 1597 iis,
2244 1538 2406 1601 quae

107 1619 181 1679 de
233 1618 367 1679 dea
416 1616 589 1694 dixit,
633 1620 785 1683 satis
826 1621 1167 1703 provisum.
1252 1624 1381 1685 Nec
1425 1624 1646 1699 refert,
1693 1623 1863 1703 quod
1917 1624 1982 1685 in
2028 1642 2103 1685 ea
2145 1622 2404 1685 fabulae

104 1735 294 1807 parte
322 1773 337 1802 ,
387 1724 494 1787 ubi
539 1726 619 1787 de
661 1724 893 1787 Basilia
938 1744 1147 1789 sermo
1208 1734 1331 1801 est,
1395 1726 1712 1789 Minervae
1755 1725 1844 1788 ita
1887 1724 1960 1789 fit
2002 1725 2272 1803 mentio,
2338 1734 2404 1787 ut

108 1829 380 1910 proprio
426 1828 677 1891 nomine
719 1822 1067 1911 Ἀθηναῖοι
1115 1836 1406 1904 vocetur,
1451 1830 1556 1891 Vs.
1598 1828 1764 1891 1562
1799 1849 1972 1910 sqq.:

1141 1967 1223 1979 -—
1273 1931 1414 2005 πῶς
1469 1926 1556 1997 ἄν
1600 1955 1766 1999 ποτε

289 2033 650 2119 ἐπίκληρον
692 2034 865 2101 εἶναι
909 2028 1037 2115 τήν
1075 2029 1470 2119 Ἀθηναίαν
1514 2032 1720 2105 δοκεῖς

288 2128 495 2205 οὖσαν
539 2129 869 2221 θυγατέρ’,
909 2131 1122 2202 ὄντων
1164 2127 1474 2219 ἀδελφῶν
1514 2133 1838 2220 γνησίωνς

108 2242 308 2302 Immo
341 2238 407 2301 id
430 2238 651 2320 ipsum,
697 2236 868 2319 quod
910 2235 1205 2300 hocloco
1240 2238 1521 2300 Minerva
1556 2236 1782 2299 dicitur
1817 2236 2169 2321 ἐπίκληρος
2206 2238 2398 2313 Jovis,

113 2347 160 2406 si
189 2364 331 2406 cum
355 2341 430 2403 iis
457 2338 869 2414 contenditur,
894 2357 1056 2420 quae
1078 2338 1217 2400 aliis
1240 2340 1494 2403 fabulae
1519 2338 1676 2400 locis
1703 2338 1780 2399 de
1795 2338 2025 2401 Basilia
2051 2338 2260 2421 posita
2286 2359 2398 2402 re-

117 2447 449 2528 periuntur,
491 2443 571 2506 ad
608 2444 841 2507 nullam
876 2444 1063 2506 aliam
1086 2450 1212 2505 tam
1244 2442 1410 2505 bene
1440 2440 1724 2524 quadrat,
1761 2458 1947 2521 quam
1975 2440 2057 2502 ad
2080 2442 2395 2518 Basiliam,

116 2549 203 2611 ita
248 2556 315 2611 ut
341 2547 442 2611 vel
478 2546 647 2611 hunc
684 2547 895 2609 locum
927 2546 1001 2607 iis
1040 2545 1454 2608 adnumerare
1497 2543 1699 2618 liceat,
1747 2562 1783 2604 e
1829 2542 2053 2624 quibus
2099 2542 2394 2607 Basiliam

118 2670 243 2713 non
284 2650 594 2714 diversam
660 2668 797 2713 esse
864 2668 903 2711 a
964 2648 1243 2713 Minerva
1310 2653 1631 2729 appareat.
1744 2645 1960 2726 Neque
2021 2643 2150 2707 hoc
2206 2645 2394 2709 velim

117 2754 700 2835 praetervideamuS.
790 2754 993 2834 Supra
1039 2754 1202 2814 enim
1244 2754 1351 2817 vs.
1394 2751 1520 2815 828
1564 2748 1989 2811 Pisthetaerus
2050 2749 2392 2813 Minervam

118 2851 511 2939 (Ἀθηναίαν
557 2851 861 2939 πολιοὶὃα)
907 2856 1193 2939 designat
1244 2852 1868 2936 Nephelococcygiae
1903 2846 2072 2917 θεὸν
2108 2852 2394 2919 πολιοῦ-

121 2982 257 3045 χον.
344 2960 449 3023 Cui
512 2960 879 3023 adversatur
923 2958 1174 3040 quidem
1238 2959 1609 3040 Euelpides,
1667 2954 1781 3019 sed
1829 2956 1963 3039 ejus
2007 2954 2200 3017 verba
2245 2974 2394 3016 om-

119 3061 264 3123 nino
306 3082 430 3125 non
473 3069 797 3139 curantur;
844 3080 1049 3143 neque
1092 3062 1158 3124 in
1202 3063 1297 3138 iis,
1374 3082 1538 3144 quae
1581 3067 1808 3145 postea
1852 3056 2160 3141 leguntur,
2204 3055 2391 3120 ullius

122 3164 273 3225 alius
315 3168 477 3233 θεοῦ
520 3159 887 3251 πολιούχου
929 3166 1162 3229 mentio
1215 3165 1306 3230 fit.
1392 3170 1529 3230 Iam
1571 3164 1862 3248 profecto
1909 3180 2038 3223 non
2082 3159 2390 3243 intelligi-

124 3274 240 3340 tur,
280 3286 400 3329 non
444 3276 567 3331 tam
602 3290 727 3351 quo
771 3270 898 3333 fine
945 3278 1140 3353 poeta
1180 3271 1348 3333 illius
1391 3270 1616 3332 avium
1656 3267 1826 3331 urbis
1864 3266 2210 3327 Minervam
2251 3284 2389 3326 esse

130 3359 291 3431 θεὸν
320 3369 671 3455 πολιοῦχον
700 3370 966 3451 finxerit,
1012 3374 1233 3455 dequo
1264 3372 1427 3449 vide,
1475 3390 1637 3454 quae
1675 3387 1864 3453 supra
1907 3387 1971 3449 p.
2001 3367 2120 3430 113
2159 3373 2222 3430 et
2264 3368 2388 3431 118

128 3467 478 3545 monuimus,
528 3490 709 3553 quam
752 3478 1073 3557 quomodo
1106 3478 1225 3558 ipsi
1248 3477 1415 3539 hanc
1445 3494 1580 3537 rem
1617 3473 1853 3555 fingere
1890 3470 2150 3547 licuerit,
2197 3490 2386 3551 quum

126 3570 486 3652 reliquorum
531 3575 792 3641 deorum
839 3578 1294 3662 Olympiorum,
1340 3583 1601 3659 excepta
1655 3573 1904 3648 Basilia,
1950 3572 2188 3637 nullam
2235 3594 2385 3636 om·-

126 3676 266 3737 nino
307 3677 604 3743 rationem
646 3681 872 3745 haberi
915 3672 1217 3759 voluerit,
1280 3691 1469 3764 atque
1515 3697 1628 3753 ea,
1676 3695 1838 3759 quae
1881 3678 1998 3739 sub
2044 3677 2234 3740 finem
2280 3679 2384 3739 fa-

125 3778 301 3841 bulae
341 3780 415 3843 de
457 3783 579 3847 hac
624 3786 799 3864 fecit,
858 3788 945 3850 ita
992 3792 1355 3869 comparata
1399 3785 1558 3858 sint,
1619 3790 1686 3843 ut
1740 3799 1883 3843 eum
1945 3782 2152 3863 potius
2197 3781 2382 3841 Basi-

125 3882 263 3944 liam
305 3882 464 3953 θεὸν
508 3892 879 3978 πολιοῦχον
924 3891 1399 3955 constituturum
1443 3885 1640 3949 fuisse
1699 3890 2043 3967 exspectes.
2129 3880 2208 3942 Hi
2253 3881 2380 3961 igi-

127 3991 219 4048 tur
258 3989 514 4069 scrupuli
574 3993 801 4055 remoti
859 4002 1067 4069 erunt,
1130 3995 1182 4056 si
1246 3998 1560 4071 sumptum
1608 3988 1825 4062 fuerit,
1893 3984 2210 4046 Comicum
2252 4003 2380 4046 vo—

126 4089 332 4167 luisse,
370 4094 658 4157 Basiliam
703 4099 966 4161 eandem
1013 4116 1152 4159 esse
1198 4103 1386 4177 atque
1436 4093 1797 4155 Minervam.
1842 4122 1924 4135 -
1968 4088 2376 4171 Acquiescam

127 4193 185 4252 in
225 4192 311 4256 his
351 4196 631 4260 indicatis
676 4202 872 4283 magis
914 4218 1098 4283 quam
1145 4199 1368 4261 ordine
1414 4193 1762 4278 disputatis
1849 4192 1983 4253 Hac
2026 4190 2376 4279 igitur-Ba-

133 4296 255 4357 silia
295 4297 350 4358 in
392 4302 851 4368 matrimonium
918 4304 1100 4367 ducta
1162 4302 1581 4364 Pisthetaerus
1643 4305 1772 4358 tum
1833 4314 2034 4358 novus
2098 4294 2378 4376 Juppiter

1604 4413 1683 4474 10
