2759 5084
1041 207 1457 270 ...33—

116 399 194 441 eo
247 379 504 454 ducunt,
563 385 630 440 ut
681 378 864 461 hujus
915 393 1134 440 vocem
1187 377 1348 440 inter
1393 385 1634 442 cantum
1688 379 1847 442 illius
1900 381 2170 445 auditam
2214 402 2352 446 esse

111 499 442 546 sumamus.

279 584 480 646 Versu
511 584 634 647 248
677 604 864 665 quum
907 585 1147 648 videret
1186 587 1545 666 particulam
1580 611 1652 652 τε
1686 588 1878 649 omitti
1918 589 1981 650 in
2020 590 2156 653 cod.
2182 592 2351 664 Rav„

108 688 296 760 Ven.,
337 687 692 770 Florentino
737 695 800 750 et
839 695 1133 765 metrum,
1193 687 1364 770 quod
1405 689 1549 752 inde
1596 707 1634 750 a
1674 689 1879 752 verbis
1912 696 1998 754 ὀἵ
2028 685 2101 756 θ’
2142 692 2354 765 ἑλείας

110 809 190 849 ex
243 787 478 850 creticis
533 796 801 864 constat,
862 791 1170 873 corrumpi
1224 799 1505 854 censeret
1555 790 1841 852 Alfi-edus
1882 790 2351 868 Fleckeisenius,

102 890 646 965 HelmstadiensiS,
706 892 1016 954 societatis
1057 893 1473 976 philologicac
1516 895 1663 956 olim
1706 894 1969 968 sodalis,
2029 895 2353 976 proposuit

103 993 531 1056 scribendum:
588 988 822 1074 ὄρνις
877 995 1667 1080 πτερυγοποίκιλος.
1752 995 2134 1070 Existimavi,
2190 997 2353 1058 hanc

104 1099 526 1181 conjecturam
567 1115 779 1160 veram
825 1116 962 1160 esse
1004 1116 1222 1179 posse,
1279 1098 1393 1162 sed
1434 1098 1794 1180 particulam
1836 1121 1939 1172 τε,
1990 1097 2351 1178 explicando

100 1202 274 1262 illam
331 1199 800 1274 inservientem,
876 1207 942 1261 ut
999 1200 1406 1262 Eumenidum
1465 1202 1570 1261 Vs,
1611 1202 1683 1262 ll
1754 1207 1815 1261 et
1878 1198 2159 1280 pluribus
2216 1198 2349 1260 aliis

101 1303 258 1363 locis
277 1305 304 1376 ,’
353 1301 564 1362 monui
623 1310 749 1362 tam
809 1320 846 1362 a
898 1301 1106 1386 lingua
1162 1321 1346 1384 quam
1407 1321 1445 1364 a
1499 1320 1685 1364 sensu
1742 1300 2036 1383 flagitari3
2103 1299 2157 1362 si
2216 1283 2349 1381 quis

98 1412 403 1467 statueret
454 1413 708 1485 poetam
748 1406 1098 1487 scripsisse:
1164 1403 1345 1490 ὅρνις
1394 1400 1976 1490 πτερυγοποίκιλός
2023 1400 2107 1481 τ’,
2164 1403 2351 1465 etiam

97 1509 252 1570 illud
311 1509 600 1571 facillime
658 1510 940 1592 intelligi,
1007 1510 1323 1591 quomodo
1380 1510 1609 1572 factum
1667 1514 1859 1583 esset,
1930 1513 1997 1570 ut
2051 1506 2349 1588 particula

98 1637 172 1674 τε
227 1612 372 1672 loco
427 1611 627 1671 minus
683 1611 866 1673 solito
929 1612 1134 1692 posita
1193 1631 1230 1673 a
1282 1609 1587 1673 nonnullis
1642 1607 1907 1672 librariis
1966 1608 2349 1670 omitteretur

99 1715 358 1775 omnino
377 1760 392 1788 ‚
459 1712 538 1772 ah
583 1713 714 1774 aliis
761 1732 836 1776 ea
881 1715 1292 1778 collocaretur
1334 1714 1516 1788 sede,
1578 1729 1737 1793 quae
1780 1712 1928 1793 ipsis
1970 1708 2167 1792 magis
2211 1725 2347 1770 esse

99 1815 332 1876 idonea
380 1813 714 1876 videretur.
747 1852 830 1864 --

1163 2149 1274 2229 ΙΙ.

1041 2320 1120 2370 De
1167 2320 1409 2372 musicis.

273 2479 580 2556 Carmine,
639 2500 761 2561 quo
808 2489 1255 2558 convocantur,
1306 2481 1481 2543 finito
1528 2479 1856 2542 crediderit
1899 2480 2145 2559 aliquis,
2201 2494 2345 2538 aves

98 2585 223 2646 cito
281 2584 606 2646 advolasse
661 2590 722 2644 et
777 2582 950 2644 chori
1010 2583 1315 2664 parodum
1374 2584 1600 2645 factam
1666 2601 1822 2644 esse.
1933 2581 2011 2640 At
2064 2585 2345 2640 neutrum

97 2686 336 2761 evenit,
393 2687 592 2748 statim
639 2683 904 2766 quidem.
1005 2683 1367 2760 Videamus,
1433 2704 1591 2766 quae
1643 2682 1902 2746 subinde
1954 2679 2181 2761 scripta
2231 2695 2342 2739 re·-

93 2790 452 2870 periantur:

841 2889 1605 2958 ΠΕῙΣΘΕΤΑῙΡΟΣ.

181 2988 388 3078 Ὁρᾷς
439 2988 566 3059 τιν’
614 2987 839 3077 liparem

929 3089 1516 3158 ΕΥΕΛΠῙΔΗΣ.

921 3188 1022 3274 μοὶ
1069 3185 1188 3260 τὸν
1229 3183 1539 3260 Ἀπόλλω
1574 3185 1682 3276 ’γώ
1724 3196 1855 3275 μὲν
1904 3185 2017 3258 οὗ·

189 3296 330 3363 Καί
370 3324 476 3366 τοι
517 3295 758 3384 κέχηνά
801 3295 862 3382 γ’
906 3299 1000 3368 εἷς
1042 3291 1162 3362 τὸν
1205 3287 1495 3377 οὐρανὸν
1536 3295 1824 3379 βλέπων.

846 3413 1610 3482 ΠΕῙΣΘΕΤΑῙΡΟΣ.

173 3513 440 3594 ”Alione
481 3511 580 3602 ἄρ’
625 3514 860 3605 οὕποψ
901 3515 986 3592 ὥς
1023 3512 1176 3586 ἔοικ’
1219 3521 1313 3591 εἰς
1355 3510 1483 3596 τήν
1522 3510 1777 3602 λόχμην
2222 3509 2345 3570 265

183 3613 404 3704 ἐμβὰς
444 3621 684 3701 ὲπῶζε,
741 3613 1097 3708 χαραδριὸν
1150 3614 1596 3702 μιμούμενος.

807 3738 980 3804 ΦΟῙ
975 3737 1100 3804 NI
1094 3737 1156 3802 K
1167 3735 1657 3804 ΟΠΤΕΡΟΣ.

198 3840 469 3923 Tapori&
519 3840 802 3926 τοροτίξ.

846 3960 1033 4026 ΠΕῙ
1027 3959 1222 4026 ΣΘΕ
1229 3960 1405 4026 ΤΛῙ
1402 3961 1460 4026 Ρ
1468 3959 1609 4025 ΟΣ.

173 4053 464 4147 Ὠγᾶθ’,
517 4053 654 4127 ἀλλ’
701 4053 824 4128 οὖν
870 4056 1090 4128 οὑτοσὶ
1133 4063 1238 4128 καὶ
1279 4057 1363 4145 δή
1408 4086 1508 4135 τις
1550 4059 1733 4146 ὅρνις
1776 4066 2046 4148 ἔρχεται.

923 4181 1515 4251 ΕΥΕΛΠῙΔΗΣ.

186 4275 308 4364 No)
353 4274 457 4350 Δί’
502 4280 682 4368 ὄρνις
727 4281 914 4366 δῆτα.
1012 4282 1134 4358 Τίς
1173 4275 1320 4352 ποτ’
1367 4284 1545 4354 ἐστίν
1560 4311 1583 4364 3
1648 4276 1757 4350 Οὐ
1794 4273 2010 4362 δήπου
2050 4274 2255 4352 vanis-3
